
@article{king_australian_1855,
	title = {On Australian Entomostracans},
	volume = {3},
	shorttitle = {On Australian Entomostracans},
	pages = {56--75},
	journaltitle = {Papers and proceedings of the Royal Society of Van Diemen's Land. Tasmania},
	author = {King, R. L.},
	date = {1855},
	file = {King (1855):/home/rshearn/.zotero/zotero/gxjenffy.default/zotero/storage/GZBVG93M/King (1855).pdf:application/pdf}
}

@article{baird_description_1862,
	title = {Description of some new Species of entomostracous Crustacea},
	volume = {Series 3},
	shorttitle = {Description of some new species of entomostracous Crustacea},
	pages = {1--6},
	number = {10},
	journaltitle = {The Annals and Magazine of Natural History},
	author = {Baird, W.},
	date = {1862},
	file = {Baird (1862):/home/rshearn/.zotero/zotero/gxjenffy.default/zotero/storage/VVNHDSRG/Baird (1862).pdf:application/pdf}
}

@article{brady_notes_1886,
	title = {Notes on Freshwater Entomostraca from South Australia},
	volume = {1886},
	url = {http://www.biodiversitylibrary.org/item/96836},
	shorttitle = {Proceedings of the Zoological Society of London.},
	number = {82},
	journaltitle = {Proceedings of the Zoological Society of London},
	author = {Brady, G. S.},
	date = {1886},
	keywords = {Periodicals, Zoology},
	file = {Brady (1886):/home/rshearn/.zotero/zotero/gxjenffy.default/zotero/storage/QVHN32GM/Brady (1886).pdf:application/pdf}
}

@article{sars_freshwater_1889,
	title = {On some Freshwater Ostracoda and Copepoda raised from Dried Australian mud},
	volume = {8},
	pages = {3--79},
	journaltitle = {Christiania Videnskabs-Selskabs Forhandlinger},
	author = {Sars, G. O.},
	date = {1889}
}

@article{sars_contributions_1894,
	title = {Contributions to the knowledge of the Freshwater Entomostraca of New Zealand as shown by artificial hatching from dried mud},
	volume = {5},
	pages = {1--62.},
	journaltitle = {Videnskabs-Selskabets Skrifter. I Mathem. Naturwv. Klasse},
	author = {Sars, G. O.},
	date = {1894},
	file = {Sars (1894):/home/rshearn/.zotero/zotero/gxjenffy.default/zotero/storage/EVFV9N3G/Sars (1894).pdf:application/pdf}
}

@book{sars_account_1922,
	location = {Bergen},
	title = {An account of the Crustacea of Norway, with short descriptions and figures of all the species, 9 (Ostracoda), (Parts1-16), Bergen Museum, Bergen},
	publisher = {Bergen Museum},
	author = {Sars, G. O.},
	date = {1922},
	file = {Sars (1895):/home/rshearn/.zotero/zotero/gxjenffy.default/zotero/storage/P6TVNIKW/Sars (1895).pdf:application/pdf}
}

@article{brady_monograph_1896,
	title = {A monograph of the marine and freshwater Ostracoda of the north Atlantic and of north-western Europe - Part {II}, Sections {II} to {IV}: Myodocopa, Cladocopa and Platycopa.},
	volume = {5},
	url = {http://www.biodiversitylibrary.org/page/14866981},
	shorttitle = {The Scientific transactions of the Royal Dublin Society.},
	pages = {621--746},
	number = {2},
	journaltitle = {The Scientific transactions of the Royal Dublin Society},
	author = {Brady, G. S. and Norman, Canon A. M.},
	date = {1896},
	file = {Brady & Norman (1896):/home/rshearn/.zotero/zotero/gxjenffy.default/zotero/storage/MDJQEVU3/Brady & Norman (1896).pdf:application/pdf}
}

@article{sars_freshwater_1896,
	title = {On Freshwater Entomostraca from the Neighbourhood of Sydney, partly raised from dried mud},
	volume = {18},
	pages = {1--81},
	journaltitle = {Archiv for Mathematik og Naturvidenskab},
	author = {Sars, G. O.},
	date = {1896},
	file = {Sars (1896):/home/rshearn/.zotero/zotero/gxjenffy.default/zotero/storage/7C98C892/Sars (1896).pdf:application/pdf}
}

@article{daday_untersuchungen_1905,
	title = {Untersuchungen uber die Susswasser-Mikrofauna Paraguays},
	volume = {18},
	shorttitle = {Untersuchungen uber die Sußwasser-Mikrofauna Paraguays},
	pages = {1--374},
	journaltitle = {Zoologica},
	author = {Daday, E.},
	date = {1905},
	file = {Daday (1905):/home/rshearn/.zotero/zotero/gxjenffy.default/zotero/storage/WPXZ4I44/Daday (1905).pdf:application/pdf}
}

@article{muller_ostracoda_1906,
	title = {Ostracoda},
	volume = {8},
	shorttitle = {Ostracoda},
	pages = {27--154},
	number = {2},
	journaltitle = {Wissenschaftliche Ergebnisse der Deutschen Tiefsee-Expedition auf dem Dampfer "Valdivia" 1898-1899},
	author = {M\"uller, Gustav Wilhelm},
	date = {1906},
	file = {Muller (1908):/home/rshearn/.zotero/zotero/gxjenffy.default/zotero/storage/U4MTZ3UE/Muller (1908).pdf:application/pdf}
}

@article{sharpe_further_1908,
	title = {A further report on the Ostracoda of the United States National Museum},
	volume = {35},
	shorttitle = {A further report on the Ostracoda of the United States National Museum},
	pages = {399--430},
	number = {1651},
	journaltitle = {Proceedings of the United States National Museum},
	author = {Sharpe, Richard W.},
	date = {1908},
	file = {Sharpe (1908):/home/rshearn/.zotero/zotero/gxjenffy.default/zotero/storage/EECQCVIV/Sharpe (1908).pdf:application/pdf}
}

@incollection{schulze_crustacea_1912,
	location = {Berlin},
	title = {Crustacea, Ostracoda},
	volume = {31},
	url = {http://www.biodiversitylibrary.org/page/891057},
	series = {Eine Zusammenstellung und Kennzeichnung der rezenten Tierformen},
	pages = {1--434},
	booktitle = {Das Tierreich. 31. Lieferung},
	publisher = {R. Friedl\"ander und Sohn},
	author = {M\"uller, Gustav Wilhelm},
	editor = {Schulze, Franz Eilhard},
	date = {1912},
	file = {Muller (1912):/home/rshearn/.zotero/zotero/gxjenffy.default/zotero/storage/FZ7EDPV7/Muller (1912).pdf:application/pdf}
}

@article{vandel_parthenogen`ese_1928,
	title = {La parth\'enog\'en\`ese g\'eographique Contribution a l`\'etude biologique et cytologique de la parth\'enog\'en\`ese naturelle},
	volume = {62},
	shorttitle = {La parthénogénèse géographique contribution a l`étude biologique et cytologique de la parthénogénèse naturelle},
	pages = {164--281},
	journaltitle = {Bulletin Biologique de la France et de la Belgique},
	author = {Vandel, A},
	date = {1928}
}

@article{vandel_parthenogen`ese_1940,
	title = {La parth\'enog\'en\`ese g\'eographique. {IV}. Polyploidie et distribution g\'eographique},
	volume = {74},
	shorttitle = {La parthénogénèse géographique. {IV}. Polyploidie et distribution géographique},
	number = {94},
	journaltitle = {Bulletin Biologique de la France et de la Belgique},
	author = {Vandel, A},
	date = {1940}
}

@article{mckenzie_freshwater_1966,
	title = {Freshwater Ostracoda from north-western Australia},
	volume = {17},
	url = {http://www.publish.csiro.au/paper/MF9660259},
	doi = {10.1071/MF9660259},
	shorttitle = {Freshwater Ostracoda from north-western Australia},
	pages = {259--280},
	number = {2},
	journaltitle = {Australian Journal of Marine and Freshwater Research},
	author = {{McKenzie}, K. G.},
	date = {1966},
	file = {McKenzie (1966):/home/rshearn/.zotero/zotero/gxjenffy.default/zotero/storage/HBFSN4DH/McKenzie (1966).pdf:application/pdf}
}

@incollection{mckenzie_palaeozoogeography_1971,
	title = {Palaeozoogeography of Freshwater Ostracoda},
	volume = {5 suppl},
	series = {Bulletin du Centre de Recherches {PAU}-{SNPA}},
	shorttitle = {Palaeozoogeography of Freshwater Ostracoda},
	pages = {207--237},
	booktitle = {Paleo\'ecologie des Ostracodes},
	author = {{McKenzie}, K. G.},
	editor = {Oertli, H. J.},
	date = {1971},
	file = {McKenzie (1971):/home/rshearn/.zotero/zotero/gxjenffy.default/zotero/storage/W782XK65/McKenzie (1971).pdf:application/pdf}
}

@article{danielopol_textitpsychrodromus_1977,
	title = {\textit{Psychrodromus} gen. n. (Crustacea: Ostracoda), with Redescription of the Cypridid Genera {\textit{Prionocypris} and {\textit{Ilyodromus}}}},
	volume = {6},
	shorttitle = {Psychrodromus gen. n. (Crustacea: Ostracoda), with the redescription of the cypridid genera Prionocypris and Ilyodromus},
	pages = {301--322},
	journaltitle = {Zoologica Scripta},
	author = {Danielopol, D. L. and {McKenzie}, K. G.},
	date = {1977},
	file = {Danielopol & McKenzie (1977):/home/rshearn/.zotero/zotero/gxjenffy.default/zotero/storage/KZ9N3PKF/Danielopol & McKenzie (1977).pdf:application/pdf}
}

@article{de_deckker_ostracoda_1981,
	title = {Ostracoda from Australian Inland Waters - Notes on Taxonomy and Ecology},
	volume = {93},
	shorttitle = {Ostracoda from Australian Inland Waters - Notes on Taxonomy and Ecology},
	pages = {43--85},
	journaltitle = {Proceedings of the Royal Society of Victoria},
	author = {De Deckker, P.},
	date = {1981},
	file = {De Deckker (1981):/home/rshearn/.zotero/zotero/gxjenffy.default/zotero/storage/7B2NBZGZ/De Deckker (1981).pdf:application/pdf}
}

@article{victor_new_1981,
	title = {A New Species of \textit{Ilyodromus} Sars (Crustacea, Ostracoda) from the Philippines},
	volume = {10},
	issn = {1463-6409},
	url = {http://dx.doi.org/10.1111/j.1463-6409.1981.tb00501.x},
	doi = {10.1111/j.1463-6409.1981.tb00501.x},
	shorttitle = {A New Species of Ilyodromus Sars (Crustacea, Ostracoda) from the Philippines},
	pages = {255--257},
	number = {4},
	journaltitle = {Zoologica scripta},
	author = {Victor, Reginald and Fernando, C. Herbert},
	date = {1981},
	file = {Victor & Fernando (1981):/home/rshearn/.zotero/zotero/gxjenffy.default/zotero/storage/9B8GX88H/Victor & Fernando (1981).pdf:application/pdf;Victor & Fernando (1981)1:/home/rshearn/.zotero/zotero/gxjenffy.default/zotero/storage/NFVZSK85/Victor & Fernando (1981)1.pdf:application/pdf}
}

@article{de_deckker_late_1982,
	title = {Late Quaternary ostracods from Lake George, New South Wales},
	volume = {6},
	issn = {0311-5518},
	shorttitle = {Late Quaternary ostracods from Lake George, New South Wales},
	pages = {305--318},
	journaltitle = {Alcheringa},
	author = {De Deckker, P.},
	date = {1982},
	file = {De Deckker (1982):/home/rshearn/.zotero/zotero/gxjenffy.default/zotero/storage/UCXTRWN8/De Deckker (1982).pdf:application/pdf}
}

@article{de_deckker_non-marine_1982,
	title = {Non-marine ostracods from two Quaternary profiles at Pulbeena and Mowbray Swamps, Tasmania},
	volume = {6},
	issn = {0311-5518},
	shorttitle = {Non-marine ostracods from two Quaternary profiles at Pulbeena and Mowbray Swamps, Tasmania},
	pages = {249--274},
	journaltitle = {Alcheringa},
	author = {De Deckker, P.},
	date = {1982},
	file = {De Deckker (1982b):/home/rshearn/.zotero/zotero/gxjenffy.default/zotero/storage/NFTDC83F/De Deckker (1982b).pdf:application/pdf}
}

@article{petkovski_interesting_1995,
	title = {Interesting freshwater Ostracoda (Crustacea) from Macedonia},
	volume = {96},
	shorttitle = {Interesting freshwater Ostracoda (Crustacea) from Macedonia},
	pages = {176--183},
	journaltitle = {Bulletin de la Soci\'et\'e des Naturalistes Luxembourgeois},
	author = {Petkovski, Trajan K. and Meisch, Claude},
	date = {1995}
}

@article{lunt_insect_1996,
	title = {The insect cytochrome oxidase I gene: evolutionary patterns and conserved primers for phylogenetic studies},
	volume = {5},
	issn = {1365-2583},
	url = {http://dx.doi.org/10.1111/j.1365-2583.1996.tb00049.x},
	doi = {10.1111/j.1365-2583.1996.tb00049.x},
	shorttitle = {The insect cytochrome oxidase I gene: evolutionary patterns and conserved primers for phylogenetic studies},
	pages = {153--165},
	number = {3},
	journaltitle = {Insect Molecular Biology},
	author = {Lunt, D. H. and Zhang, D. X. and Szymura, J. M. and Hewltt, O. M.},
	date = {1996},
	keywords = {Chorthlppus parallelus, conserved {PCR} primers, cytochrome oxidase I, genetic marker., insect, mitochondrial {DNA}}
}

@book{martens_sex_1998,
	location = {Leiden},
	title = {Sex and Parthenogenesis: Evolutionary Ecology of Reproductive Modes in Non-Marine Ostracods},
	series = {Sex and Parthenogenesis},
	shorttitle = {Sex and Parthenogenesis: Evolutionary Ecology of Reproductive Modes in Non-Marine Ostracods},
	publisher = {Backhuys},
	author = {Martens, Koen},
	editor = {Martens, Koen},
	date = {1998}
}

@incollection{day_chapter_2001,
	location = {Pretoria},
	title = {Chapter 1: Ostracoda},
	volume = {3, Crustacea {II}},
	shorttitle = {Chapter 1: Ostracoda},
	booktitle = {Guides to the Freshwater Invertebrates of Southern Africa},
	publisher = {Water Research Commission},
	author = {Martens, Koen},
	editor = {Day, J. A. and de Moor, I. J. and Stewart, B. and Louw, A. E.},
	date = {2001}
}

@article{halse_new_2004,
	title = {New genera and species of 'giant' ostracods (Crustacea: Cyprididae) from Australia},
	volume = {524},
	shorttitle = {New genera and species of 'giant' ostracods (Crustacea: Cyprididae) from Australia},
	pages = {1--52},
	journaltitle = {Hydrobiologia},
	author = {Halse, S. A. and {McRae}, J. M.},
	date = {2004}
}

@article{costa_biological_2007,
	title = {Biological identifications through {DNA} barcodes: the case of the Crustacea},
	volume = {64},
	issn = {0706-652X},
	url = {http://find.galegroup.com/gtx/infomark.do?&contentSet=IAC-Documents&type=retrieve&tabID=T002&prodId=AONE&docId=A161558412&source=gale&srcprod=AONE&userGroupName=cowan&version=1.0},
	shorttitle = {Biological identifications through {DNA} barcodes: the case of the Crustacea},
	pages = {272--296},
	number = {2},
	journaltitle = {Canadian Journal of Fisheries and Aquatic Sciences},
	author = {Costa, Filipe O. and {deWaard}, Jeremy R. and Boutillier, James and Ratnasingham, Sujeevan and Dooh, Robert T. and Hajibabaei, Mehrdad and Hebert, Paul D. N.},
	date = {2007},
	keywords = {Crustacea\_Genetic aspects, Crustacea\_Identification and classification, {DNA} testing\_Usage, Genetic aspects, Identification and classification, Usage}
}

@article{sonnenberg_evaluation_2007,
	title = {An evaluation of {LSU} {rDNA} D1-D2 sequences for their use in species identification},
	volume = {4},
	url = {http://dx.doi.org/10.1186/1742-9994-4-6},
	doi = {10.1186/1742-9994-4-6},
	shorttitle = {An evaluation of {LSU} {rDNA} D1-D2 sequences for their use in species identification},
	pages = {1--12},
	number = {1},
	journaltitle = {Frontiers in Zoology},
	author = {Sonnenberg, Rainer and Nolte, Arne and Tautz, Diethard},
	date = {2007},
	keywords = {Zoology},
	file = {Sonnenberg et al (2007):/home/rshearn/.zotero/zotero/gxjenffy.default/zotero/storage/G2EEEV9Z/Sonnenberg et al (2007).pdf:application/pdf}
}

@article{balian_freshwater_2008,
	title = {The Freshwater Animal Diversity Assessment: an overview of the results},
	volume = {595},
	issn = {0018-8158},
	url = {http://dx.doi.org/10.1007/s10750-007-9246-3},
	doi = {10.1007/s10750-007-9246-3},
	shorttitle = {The Freshwater Animal Diversity Assessment: an overview of the results},
	pages = {627--637},
	number = {1},
	journaltitle = {Hydrobiologia},
	author = {Balian, E. and Segers, H. and L\'ev\`eque, C. and Martens, Koen},
	date = {2008},
	keywords = {Biomedical and Life Sciences}
}

@article{boxshall_global_2008,
	title = {Global diversity of copepods (Crustacea: Copepoda) in freshwater},
	volume = {595},
	issn = {0018-8158},
	url = {http://dx.doi.org/10.1007/s10750-007-9014-4},
	doi = {10.1007/s10750-007-9014-4},
	shorttitle = {Global diversity of copepods (Crustacea: Copepoda) in freshwater},
	pages = {195--207},
	number = {1},
	journaltitle = {Hydrobiologia},
	author = {Boxshall, Geoff and Defaye, Danielle},
	date = {2008},
	keywords = {Biomedical and Life Sciences}
}

@article{posada_jmodeltest:_2008,
	title = {{jModelTest}: Phylogenetic Model Averaging},
	volume = {25},
	doi = {10.1093/molbev/msn083},
	shorttitle = {{jModelTest}: Phylogenetic Model Averaging},
	pages = {1253--1256},
	number = {7},
	journaltitle = {Molecular Biology and Evolution},
	author = {Posada, David},
	date = {2008-07-01},
	file = {Posada (2008):/home/rshearn/.zotero/zotero/gxjenffy.default/zotero/storage/NAVTDZ5P/Posada (2008).pdf:application/pdf}
}

@article{sinclair_discrimination_2008,
	title = {Discrimination of \textit{Cricotopus} species (Diptera: Chironomidae) by {DNA} barcoding},
	volume = {98},
	url = {http://journals.cambridge.org.ezproxy.ecu.edu.au/action/displayAbstract?fromPage=online&aid=2690088},
	doi = {10.1017/S0007485308005865},
	shorttitle = {Discrimination of Cricotopus species (Diptera: Chironomidae) by {DNA} barcoding},
	pages = {555--563},
	number = {6},
	journaltitle = {Bulletin of Entomological Research},
	author = {Sinclair, C. S. and Gresens, S. E.},
	date = {2008},
	keywords = {bioindicator, chironomid, {DNA} barcoding, null},
	file = {Sinclair & Gresens (2008).php:/home/rshearn/.zotero/zotero/gxjenffy.default/zotero/storage/E2H4DXGC/Sinclair & Gresens (2008).php.pdf:application/pdf}
}

@article{vainola_global_2008,
	title = {Global diversity of amphipods (Amphipoda; Crustacea) in freshwater},
	volume = {595},
	issn = {0018-8158},
	doi = {10.1007/s10750-007-9020-6},
	shorttitle = {Global diversity of amphipods (Amphipoda; Crustacea) in freshwater},
	pages = {241--255},
	number = {1},
	journaltitle = {Hydrobiologia},
	author = {V\"ain\"ol\"a, R. and Witt, J. and Grabowski, M. and Bradbury, J. and Jazdzewski, K. and Sket, B.},
	date = {2008},
	keywords = {Biomedical and Life Sciences},
	file = {Vainola et al (2008):/home/rshearn/.zotero/zotero/gxjenffy.default/zotero/storage/RHQDCRHK/Vainola et al (2008).pdf:application/pdf}
}

@article{wilson_global_2008,
	title = {Global diversity of Isopod crustaceans (Crustacea; Isopoda) in freshwater},
	volume = {595},
	issn = {0018-8158},
	url = {http://dx.doi.org/10.1007/s10750-007-9019-z},
	doi = {10.1007/s10750-007-9019-z},
	shorttitle = {Global diversity of Isopod crustaceans (Crustacea; Isopoda) in freshwater},
	pages = {231--240},
	number = {1},
	journaltitle = {Hydrobiologia},
	author = {Wilson, George},
	date = {2008},
	keywords = {Biomedical and Life Sciences},
	file = {Wilson (2008):/home/rshearn/.zotero/zotero/gxjenffy.default/zotero/storage/W8GDAXVF/Wilson (2008).pdf:application/pdf}
}

@article{birky_using_2010,
	title = {Using Population Genetic Theory and {DNA} Sequences for Species Detection and Identification in Asexual Organisms.},
	volume = {5},
	doi = {10.1371/journal.pone.0010609},
	shorttitle = {Using Population Genetic Theory and {DNA} Sequences for Species Detection and Identification in Asexual Organisms.},
	pages = {e10609},
	number = {5},
	journaltitle = {{PLOS} {ONE}},
	author = {Birky, C. William and Adams, Joshua and Gemmel, Marlea and Perry, Julia},
	date = {2010},
	file = {Birky & Barraclough (2010):/home/rshearn/.zotero/zotero/gxjenffy.default/zotero/storage/N23GXTIN/Birky & Barraclough (2010).pdf:application/pdf}
}

@article{bode_exceptional_2010,
	title = {Exceptional cryptic diversity and multiple origins of parthenogenesis in a freshwater ostracod},
	volume = {54},
	doi = {10.1016/j.ympev.2009.08.022},
	shorttitle = {Exceptional cryptic diversity and multiple origins of parthenogenesis in a freshwater ostracod},
	pages = {542--552},
	journaltitle = {Molecular Phylogenetics and Evolution},
	author = {Bode, S. N. S. and Adolfsson, S. and Lamatsch, D. K. and Martins, M. J. F. and Schmit, O. and {Vandekerkhove} and Mezquita, F. and Namiotko, T. and Rossetti, G. and Sch\"on, I. and Butlin, R. K. and Martens, Koen},
	date = {2010},
	file = {Bode et al (2009):/home/rshearn/.zotero/zotero/gxjenffy.default/zotero/storage/RP74K9RJ/Bode et al (2009).pdf:application/pdf}
}

@article{schon_genetic_2010,
	title = {Genetic diversity in Australian ancient asexual \textit{Vestalenula} (Ostracoda, Darwinulidae): little variability down under},
	volume = {641},
	issn = {0018-8158},
	url = {http://dx.doi.org/10.1007/s10750-009-0057-6},
	doi = {10.1007/s10750-009-0057-6},
	shorttitle = {Genetic diversity in Australian ancient asexual Vestalenula (Ostracoda, Darwinulidae): little variability down under},
	pages = {59--70},
	number = {1},
	journaltitle = {Hydrobiologia},
	author = {Sch\"on, Isa and Martens, Koen and Halse, S. A.},
	date = {2010},
	keywords = {Biomedical and Life Sciences},
	file = {Schon et al (2010):/home/rshearn/.zotero/zotero/gxjenffy.default/zotero/storage/DHB3PJJC/Schon et al (2010).pdf:application/pdf}
}

@article{martens_subjective_2011,
	title = {A subjective checklist of the Recent, free-living, non-marine Ostracoda (Crustacea)},
	volume = {2855},
	shorttitle = {A subjective checklist of the Recent, free-living, non-marine Ostracoda (Crustacea)},
	pages = {1--79},
	journaltitle = {Zootaxa},
	author = {Martens, Koen and Savatenalinton, Sukonthip},
	date = {2011},
	file = {Martens & Savatenalinton (2011):/home/rshearn/.zotero/zotero/gxjenffy.default/zotero/storage/NED4TAEB/Martens & Savatenalinton (2011).pdf:application/pdf}
}

@article{smith_recent_2011,
	title = {Recent Cyprididae and Ilyocyprididae (Crustacea: Ostracoda) from Lake Biwa, Japan, including a summary of the lake’s ostracod fauna},
	volume = {2874},
	shorttitle = {Recent Cyprididae and Ilyocyprididae (Crustacea: Ostracoda) from Lake Biwa, Japan, including a summary of the lake’s ostracod fauna},
	pages = {1--37},
	journaltitle = {Zootaxa},
	author = {Smith, R. J. and Janz, H. and Okubo, I.},
	date = {2011},
	file = {smith et al (2011):/home/rshearn/.zotero/zotero/gxjenffy.default/zotero/storage/X6QEPADC/smith et al (2011).pdf:application/pdf}
}

@article{martens_nine_2012,
	title = {Nine new species of \textit{Bennelongia} De Deckker \& {McKenzie}, 1981 (Crustacea, Ostracoda) from Western Australia, with the description of a new subfamily},
	volume = {8},
	doi = {10.5852/ejt.2012.8},
	shorttitle = {Nine new species of Bennelongia De Deckker \& {McKenzie}, 1981 (Crustacea, Ostracoda) from Western Australia, with the description of a new subfamily},
	pages = {1--56},
	journaltitle = {European Journal of Taxonomy},
	author = {Martens, Koen and Halse, S. A. and Schön, Isa},
	date = {2012},
	file = {Martens et al (2012):/home/rshearn/.zotero/zotero/gxjenffy.default/zotero/storage/69PDVW4B/Martens et al (2012).pdf:application/pdf}
}

@article{schon_cryptic_2012,
	title = {Cryptic Species in Putative Ancient Asexual Darwinulids (Crustacea, Ostracoda)},
	volume = {7},
	doi = {10.1371/journal.pone.0039844},
	shorttitle = {Cryptic Species in Putative Ancient Asexual Darwinulids (Crustacea, Ostracoda)},
	pages = {e39844},
	number = {7},
	journaltitle = {{PLOS} {ONE}},
	author = {Sch\"on, Isa and Pinto, Ricardo L. and Halse, S. A. and Smith, Alison J. and Martens, Koen and Birky, Jr., C. William},
	date = {2012},
	file = {Schon et al (2012):/home/rshearn/.zotero/zotero/gxjenffy.default/zotero/storage/ID63462B/Schon et al (2012).pdf:application/pdf}
}

@article{shearn_review_2012,
	title = {A review of \textit{Bennelongia} De Deckker \& {McKenzie}, 1981 (Crustacea, Ostracoda) species from eastern Australia with the description of three new species},
	volume = {25},
	doi = {10.5852/ejt.2012.25},
	shorttitle = {A review of Bennelongia De Deckker \& {McKenzie}, 1981 (Crustacea, Ostracoda) species from eastern Australia with the description of three new species},
	pages = {1--35},
	journaltitle = {European Journal of Taxonomy},
	author = {Shearn, Rylan and Koenders, Annette and Halse, S. A. and Sch\"on, Isa and Martens, Koen},
	date = {2012},
	file = {Shearn et al (2012):/home/rshearn/.zotero/zotero/gxjenffy.default/zotero/storage/9GZGIXVB/Shearn et al (2012).pdf:application/pdf}
}

@article{martens_/textitbennelongia_2013,
	title = {On the \textit{Bennelongia barangaroo} lineage (Crustacea, Ostracoda) in Western Australia, with the description of seven new species},
	volume = {66},
	shorttitle = {On the Bennelongia barangaroo lineage (Crustacea, Ostracoda) in Western Australia, with the description of seven new species},
	journaltitle = {European Journal of Taxonomy},
	author = {Martens, Koen and Halse, S. and Schön, Isa},
	date = {2013}
}

@article{pinceel_fairy_2013,
	title = {Fairy shrimps in distress: a molecular taxonomic review of the diverse fairy shrimp genus \textit{Branchinella} (Anostraca: Thamnocephalidae) in Australia in the light of ongoing environmental change},
	volume = {700},
	issn = {0018-8158},
	url = {http://dx.doi.org/10.1007/s10750-012-1240-8},
	doi = {10.1007/s10750-012-1240-8},
	shorttitle = {Fairy shrimps in distress: a molecular taxonomic review of the diverse fairy shrimp genus Branchinella (Anostraca: Thamnocephalidae) in Australia in the light of ongoing environmental change},
	pages = {313--327},
	number = {1},
	journaltitle = {Hydrobiologia},
	shortjournal = {Hydrobiologia},
	author = {Pinceel, Tom and Vanschoenwinkel, Bram and Waterkeyn, Aline and Vanhove, Maarten P. M. and Pinder, Adrian and Timms, Brian V. and Brendonck, Luc},
	date = {2013-01-01},
	keywords = {Australia, Branchinella, conservation, Molecular taxonomy, Secondary salinization},
	file = {Pinceel et al (2013):/home/rshearn/.zotero/zotero/gxjenffy.default/zotero/storage/8C6579TX/Pinceel et al (2013).pdf:application/pdf}
}

@article{ewing_base-calling_1998,
	title = {Base-Calling of Automated Sequencer Traces {UsingPhred}. I. Accuracy Assessment},
	volume = {8},
	url = {http://genome.cshlp.org/content/8/3/175.abstract},
	doi = {10.1101/gr.8.3.175},
	pages = {175--185},
	number = {3},
	journaltitle = {Genome Research},
	shortjournal = {Genome Research},
	author = {Ewing, Brent and Hillier, {LaDeana} and Wendl, Michael C. and Green, Phil},
	date = {1998-03-01}
}

@article{ewing_base-calling_1998-1,
	title = {Base-Calling of Automated Sequencer Traces Using Phred. {II}. Error Probabilities},
	volume = {8},
	url = {http://genome.cshlp.org/content/8/3/186.abstract},
	pages = {186--194},
	number = {3},
	journaltitle = {Genome Research},
	shortjournal = {Genome Research},
	author = {Ewing, Brent and Green, Phil},
	date = {1998-03-01}
}

@article{edgar_muscle:_2004,
	title = {{MUSCLE}: multiple sequence alignment with high accuracy and high throughput},
	volume = {32},
	url = {http://nar.oxfordjournals.org/content/32/5/1792.abstract},
	doi = {10.1093/nar/gkh340},
	pages = {1792--1797},
	number = {5},
	journaltitle = {Nucleic Acids Research},
	shortjournal = {Nucleic Acids Research},
	author = {Edgar, Robert C.},
	date = {2004-03-01}
}

@article{stamatakis_raxml-vi-hpc:_2006,
	title = {{RAxML}-{VI}-{HPC}: maximum likelihood-based phylogenetic analyses with thousands of taxa and mixed models.},
	volume = {22},
	doi = {10.1093/bioinformatics/btl446},
	pages = {2688--2690},
	number = {21},
	journaltitle = {Bioinformatics (Oxford, England)},
	shortjournal = {Bioinformatics},
	author = {Stamatakis, Alexandros},
	date = {2006},
	pmid = {16928733},
	keywords = {*Evolution, Molecular, *Models, Genetic, *Phylogeny, *Software, Algorithms, Conserved Sequence, Models, Statistical, Sequence Alignment/*methods, Sequence Analysis, {DNA}/*methods, Sequence Homology, Nucleic Acid, Species Specificity}
}

@article{leigh_testing_2008,
	title = {Testing congruence in phylogenomic analysis.},
	volume = {57},
	doi = {10.1080/10635150801910436},
	pages = {104--115},
	number = {1},
	journaltitle = {Systematic biology},
	shortjournal = {Syst Biol},
	author = {Leigh, Jessica W. and Susko, Edward and Baumgartner, Manuela and Roger, Andrew J.},
	date = {2008},
	pmid = {18288620},
	keywords = {*Models, Genetic, *Phylogeny, Animals, Cluster Analysis, Genomics/*methods, Likelihood Functions, Ribosomal Proteins/genetics, Symbiosis/genetics}
}

@article{drummond_beast:_2007,
	title = {{BEAST}: Bayesian evolutionary analysis by sampling trees},
	volume = {7},
	url = {http://www.biomedcentral.com/1471-2148/7/214},
	pages = {214},
	number = {1},
	journaltitle = {{BMC} Evolutionary Biology},
	author = {Drummond, Alexei and Rambaut, Andrew},
	date = {2007}
}

@article{carstens_estimating_2007,
	title = {Estimating Species Phylogeny from Gene-Tree Probabilities Despite Incomplete Lineage Sorting: An Example from \textit{Melanoplus} Grasshoppers},
	volume = {56},
	url = {http://sysbio.oxfordjournals.org/content/56/3/400.abstract},
	doi = {10.1080/10635150701405560},
	pages = {400--411},
	number = {3},
	journaltitle = {Systematic Biology},
	shortjournal = {Systematic Biology},
	author = {Carstens, Bryan C. and Knowles, L. Lacey},
	date = {2007-06-01}
}

@article{yule_mathematical_1924,
	title = {A mathematical theory of evolution: based on the conclusions of Dr. J. C. Willis},
	volume = {213},
	pages = {21--87},
	journaltitle = {Philosophical Transactions of the Royal Society of London. Series B, Containing Papers of a Biological Character},
	author = {Yule, G. U.},
	date = {1924}
}

@software{rambaut_tracer_2014,
	title = {Tracer v1.6},
	url = {http://beast.bio.ed.ac.uk/Tracer},
	author = {Rambaut, Andrew and Suchard, Marc A. and Xie, D and Drummond, Alexei},
	date = {2014}
}

@article{harmon_geiger:_2008,
	title = {{GEIGER}: investigating evolutionary radiations},
	volume = {24},
	pages = {129--131},
	journaltitle = {Bioinformatics},
	author = {Harmon, L. J. and Weir, J. T. and Brock, C. D. and Glor, R. E. and Challenger, W.},
	date = {2008}
}

@article{paradis_ape:_2004,
	title = {{APE}: analyses of phylogenetics and evolution in R language},
	volume = {20},
	pages = {289--290},
	journaltitle = {Bioinformatics},
	author = {Paradis, E. and Claude, J. and Strimmer, K.},
	date = {2004}
}

@article{fitzjohn_diversitree:_2012,
	title = {Diversitree: Comparative Phylogenetic Analyses of Diversification in R},
	volume = {in press},
	doi = {10.1111/j.2041-210X.2012.00234.x},
	journaltitle = {Methods in Ecology and Evolution},
	author = {{FitzJohn}, R. G.},
	date = {2012}
}

@article{wickham_split-apply-combine_2011,
	title = {The Split-Apply-Combine Strategy for Data Analysis},
	volume = {40},
	url = {http://www.jstatsoft.org/v40/i01/},
	pages = {1--29},
	number = {1},
	journaltitle = {Journal of Statistical Software},
	author = {Wickham, Hadley},
	date = {2011}
}

@article{lemon_plotrix:_2006,
	title = {Plotrix: a package in the red light district of R},
	volume = {6},
	pages = {8--12},
	number = {4},
	journaltitle = {R-News},
	author = {Lemon, J.},
	date = {2006}
}

@article{paradis_pegas:_2010,
	title = {pegas: an R package for population genetics with an integrated–modular approach},
	volume = {26},
	pages = {419--420},
	journaltitle = {Bioinformatics},
	author = {Paradis, E.},
	date = {2010}
}

@article{gonzalez_variation_1985,
	title = {Variation among human 28S ribosomal {RNA} genes.},
	volume = {82},
	pages = {7666--7670},
	number = {22},
	journaltitle = {Proceedings of the National Academy of Sciences of the United States of America},
	shortjournal = {Proc Natl Acad Sci U S A},
	author = {Gonzalez, I. L. and Gorski, J. L. and Campen, T. J. and Dorney, D. J. and Erickson, J. M. and Sylvester, J. E. and Schmickel, R. D.},
	date = {1985},
	pmid = {3865188},
	pmcid = {PMC391394},
	keywords = {Animals, Base Sequence, Biological Evolution, Female, Humans, Pan troglodytes, Pregnancy, {RNA}, Ribosomal/analysis/*genetics, Species Specificity}
}

@article{mallatt_28s_1998,
	title = {28S and 18S {rDNA} sequences support the monophyly of lampreys and hagfishes},
	volume = {15},
	url = {http://mbe.oxfordjournals.org/content/15/12/1706.abstract},
	pages = {1706--1718},
	number = {12},
	journaltitle = {Molecular Biology and Evolution},
	shortjournal = {Molecular Biology and Evolution},
	author = {Mallatt, J and Sullivan, J},
	date = {1998}
}

@article{schwentner_evolutionary_2014,
	title = {Evolutionary systematics of the Australian \textit{Eocyzicus} fauna (Crustacea: Branchiopoda: Spinicaudata) reveals hidden diversity and phylogeographic structure},
	volume = {52},
	issn = {1439-0469},
	url = {http://dx.doi.org/10.1111/jzs.12038},
	doi = {10.1111/jzs.12038},
	pages = {15--31},
	number = {1},
	journaltitle = {Journal of Zoological Systematics and Evolutionary Research},
	shortjournal = {Journal of Zoological Systematics and Evolutionary Research},
	author = {Schwentner, Martin and Timms, Brian V. and Richter, Stefan},
	date = {2014},
	keywords = {cryptic species - diversity, {DNA} barcoding, niche differentiation, species concepts}
}

@article{schwentner_flying_2012,
	title = {Flying with the birds? Recent large-area dispersal of four Australian \textit{Limnadopsis} species (Crustacea: Branchiopoda: Spinicaudata).},
	volume = {2},
	doi = {10.1002/ece3.265},
	pages = {1605--1626},
	number = {7},
	journaltitle = {Ecology and evolution},
	shortjournal = {Ecol Evol},
	author = {Schwentner, Martin and Timms, Brian V. and Richter, Stefan},
	date = {2012},
	pmid = {22957166},
	pmcid = {PMC3434933}
}

@book{richter_einfuhrung_1948,
	location = {Frankfurt},
	edition = {2},
	title = {Einf\"uhrung in die zoologische Nomenklatur},
	pagetotal = {252},
	publisher = {Kramer},
	author = {Richter, R.},
	date = {1948}
}

@article{broodbakker_chaetotaxy_1982,
	title = {The chaetotaxy of Cypridacea (Crustacea, Ostracoda) limbs: proposals for a descriptive model},
	volume = {52},
	pages = {103--120},
	journaltitle = {Bijdragen tot de Dierkunde},
	author = {Broodbakker, N. W. and Danielopol, D. L.},
	date = {1982}
}

@article{martens_homology_1987,
	title = {Homology and functional morphology of the sexual dimorphism in the antenna of \textit{Sclerocypris} Sars, 1924 (Crustacea, Ostracoda, Megalocypridinae)},
	volume = {57},
	pages = {183--190},
	journaltitle = {Bijdragen tot de Dierkunde},
	author = {Martens, Koen},
	date = {1987}
}

@book{meisch_freshwater_2000,
	location = {Heidelberg, Berlin},
	title = {Freshwater Ostracoda of western and central Europe. Susswasserfauna von Mitteleuropa 8/3},
	publisher = {Spektrum Akad Vlg, Gustav Fischer},
	author = {Meisch, Claude},
	date = {2000}
}

@incollection{carbonel_ostracods_1988,
	location = {Elsevier},
	title = {Ostracods and the transition between fresh and saline waters},
	pages = {157--173},
	booktitle = {Ostracoda in the Earth Sciences},
	publisher = {Amsterdam},
	author = {Carbonel, P.},
	editor = {De Deckker, P. and Colin, J. P. and Peypouquet, J. P.},
	date = {1988}
}

@article{fox_ostracod_1965,
	title = {Ostracod Crustacea from rice fields in Italy},
	volume = {18},
	pages = {205--214},
	journaltitle = {Memorie dell’Istituto Italiano di Idrobiologia, Dott Marco De Marchi Pallanza},
	author = {Fox, H. M.},
	date = {1965}
}

@article{ghetti_dynamique_1973,
	title = {Dynamique des populations d'ostracodes de douze rizi\`eres italiennes. Notes d’\'ecologie},
	volume = {7},
	pages = {273--294},
	journaltitle = {Annales de la Station biologique de Besse-en-Chandesse},
	author = {Ghetti, P.F.},
	date = {1973}
}

@book{ghetti_ostracodi_1981,
	location = {Roma},
	title = {Ostracodi (Crustacea, Ostracoda). Guide per il riconoscimento delle specie animali delle acque interne italiane 11},
	pagetotal = {83},
	publisher = {Consiglio Nazionale delle Ricerche},
	author = {Ghetti, P. F. and {McKenzie}, K. G.},
	date = {1981}
}

@article{martens_taxonomy_2001,
	title = {Taxonomy of the Herpetocypridinae (Ostracoda, Cyprididae)},
	volume = {74},
	pages = {295--308},
	journaltitle = {Crustaceana},
	author = {Martens, Koen},
	date = {2001}
}

@article{rossetti_redescription_1996,
	title = {Redescription and morphological variability of \textit{Darwinula stevensoni} (Brady \& Robertson, 1870) (Crustacea, Ostracoda)},
	volume = {66},
	pages = {73--92},
	journaltitle = {Bulletin de L’Institut Royal des Sciences Naturelles de Belgique – Biologie ; Bulletin van het Koninklijk Belgisch instituut voor Natuurwetenschapppen – Biologie},
	author = {Rossetti, G. and Martens, Koen},
	date = {1996}
}

@article{rossetti_taxonomic_1998,
	title = {Taxonomic revision of the Recent and Holocene representatives of the family Darwinulidae (Crustacea, Ostracoda), with a description of three new genera},
	volume = {68},
	pages = {58--110},
	journaltitle = {Bulletin de L’Institut Royal des Sciences Naturelles de Belgique – Biologie ; Bulletin van het Koninklijk Belgisch instituut voor Natuurwetenschapppen – Biologie},
	author = {Rossetti, G. and Martens, Koen},
	date = {1998}
}

@article{sars_nye_1887,
	title = {Nye bidrag til kundskaben om Middelhavets invertebratfauna: {IV}, Ostracoda mediterranea (sydeuropæiske Ostracoder)},
	volume = {12},
	pages = {173--324},
	journaltitle = {Archiv for Mathematik of Naturvidenskab},
	author = {Sars, G. O.},
	date = {1887}
}

@incollection{smith_entomostraca_1971,
	location = {Marion and Prince Edward Islands},
	title = {Entomostraca (with a resume on all Ento- mostraca recorded from the antarctic and the sub-antarctic islands)},
	pages = {361--372},
	booktitle = {Marion and Prince Edward Islands. Report on the South African biological and geological expedition},
	publisher = {Balkema},
	author = {Smith, S. A. and Sayers, R. L.},
	editor = {Van Zinderen Bakker Sr., E. M. and Winterbottom, J. M. and Dyer, R. A.},
	date = {1971}
}

@article{van_der_meeren_recent_2009,
	title = {On recent species of \textit{Tonnacypris} Diebel \& Pietrzeniuk, 1975 (Crustacea, Ostracoda), with new species descriptions from Mongolia},
	pages = {1--41},
	number = {2015},
	journaltitle = {Zootaxa},
	author = {Van der Meeren, Thijs and Khand, Yondon and Martens, Koen},
	date = {2009}
}

@article{savatenalinton_generic_2009,
	title = {Generic revision of Cypricercinae {McKenzie}, 1971 (Crustacea, Ostracoda), with the description of three new genera and one new species and a phylogenetic analysis of the subfamily},
	volume = {632},
	shorttitle = {Generic revision of Cypricercinae {McKenzie}, 1971 (Crustacea, Ostracoda), with the description of three new genera and one new species and a phylogenetic analysis of the subfamily},
	pages = {1--48},
	journaltitle = {Hydrobiologia},
	author = {Savatenalinton, Sukonthip and Martens, Koen},
	date = {2009}
}

@article{Shearn_anz_2014,
	title = {Redescriptions of six species of \textit{Ilyodromus} Sars, 1894 (Crustacea, Ostracoda, Cyprididae) from Eastern Australia and New Zealand},
	issn = {1175-5334},
	volume = {3878},
	doi = {10.11646/zootaxa.3878.2.1},
	pages = {101--145},
	number = {2},
	journaltitle = {Zootaxa},
	author = {Shearn, Rylan and Halse, S. A. and Koenders, Annette and Sch\"on, Isa and Martens, Koen},
	date = {2014},
}


@article{bayly_invertebrate_1982,
	title = {Invertebrate fauna and ecology of temporary pools on granite outcrops in southern Western Australia},
	volume = {33},
	url = {http://www.publish.csiro.au/paper/MF9820599},
	doi = {10.1071/MF9820599},
	pages = {599--606},
	number = {3},
	journaltitle = {Marine and Freshwater Research},
	author = {Bayly, {IAE}},
	date = {1982}
}

@article{cale_wetland_2004,
	title = {Wetland monitoring in the Wheatbelt of south-west Western Australia: site descriptions, waterbird, aquatic invertebrate and groundwater data},
	volume = {5},
	pages = {20--135},
	number = {1},
	journaltitle = {Conservation Science Western Australia},
	author = {Cale, D. J. and Halse, S. A. and Walker, C. D.},
	date = {2004}
}

@article{timms_aquatic_2014,
	title = {Aquatic invertebrates of pit gnammas in southwest Australia. Journal of the Royal Society of Western Australia},
	volume = {96},
	pages = {55--67},
	journaltitle = {Journal of the Royal Society of Western Australia},
	author = {Timms, Brian V.},
	date = {2014}
}

@article{pinder_granite_2000,
	title = {Granite outcrop pools in south-western Australia; foci for diversification and refugia for aquatic invertebrates},
	volume = {83},
	pages = {149--161},
	journaltitle = {Journal of the Royal Society of Western Australia},
	author = {Pinder, A. M. and Halse, S. A. and Shiel, R. J. and {McRae}, J.M.},
	date = {2000}
}


@article{breiman_random_2001,
	title = {Random Forests},
	volume = {45},
	issn = {0885-6125},
	url = {http://dx.doi.org/10.1023/A%3A1010933404324},
	doi = {10.1023/A:1010933404324},
	pages = {5--32},
	number = {1},
	journaltitle = {Machine Learning},
	author = {Breiman, Leo},
	date = {2001},
	keywords = {classification, ensemble, regression}
}

@book{r_core_team_r:_2014,
	location = {Vienna, Austria},
	title = {R: A Language and Environment for Statistical Computing},
	url = {http://www.R-project.org/},
	publisher = {R Foundation for Statistical Computing},
	author = {{R Core Team}},
	date = {2014}
}

@article{strobl_introduction_2009,
	title = {An introduction to recursive partitioning: rationale, application, and characteristics of classification and regression trees, bagging, and random forests.},
	volume = {14},
	pages = {323},
	number = {4},
	journaltitle = {Psychological methods},
	author = {Strobl, Carolin and Malley, James and Tutz, Gerhard},
	date = {2009}
}

@article{liaw_classification_2002,
	title = {Classification and Regression by {randomForest}},
	volume = {2},
	url = {http://CRAN.R-project.org/doc/Rnews/},
	pages = {18--22},
	number = {3},
	journaltitle = {R News},
	author = {Liaw, Andy and Wiener, Matthew},
	date = {2002}
}

@book{kaufman_finding_1990,
	location = {New York},
	title = {Finding groups in data: an introduction to cluster analysis},
	publisher = {John Wiley and Sons},
	author = {Kaufman, L. and Rousseeuw, P. J.},
	date = {1990},
	keywords = {myown}
}

@article{gower_general_1971,
	title = {A general coefficient of similarity and some of its properties},
	pages = {857--871},
	journaltitle = {Biometrics},
	author = {Gower, John C},
	date = {1971}
}

@book{maechler_cluster:_2014,
	title = {cluster: Cluster Analysis Basics and Extensions},
	author = {Maechler, Martin and Rousseeuw, Peter and Struyf, Anja and Hubert, Mia and Hornik, Kurt},
	date = {2014},
	note = {R package version 1.15.3 — For new features, see the 'Changelog' file (in the package source)}
}

@article{lindahl1993instability,
  title={Instability and decay of the primary structure of DNA},
  author={Lindahl, Tomas},
  journal={Nature},
  volume={362},
  number={6422},
  pages={709--715},
  year={1993}
}

@article{venhuis_morphological_2007,
	title = {Morphological systematics of \textit{Serapias L.} (Orchidaceae) in Southwest Europe},
	volume = {265},
	issn = {0378-2697},
	url = {http://dx.doi.org/10.1007/s00606-007-0519-0},
	doi = {10.1007/s00606-007-0519-0},
	pages = {165--177},
	number = {3},
	journaltitle = {Plant Systematics and Evolution},
	author = {Venhuis, C. and Venhuis, P. and Oostermeijer, J. G. B. and van Tienderen, P. H.},
	date = {2007},
	keywords = {Mediterranean, morphology, orchids, phylogeny, self-pollination, systematics, taxonomy}
}

@article{brady_monograph_1889,
	title = {A monograph of the marine and freshwater Ostracoda of the North Atlantic and of northwestern Europe. Section I: Podocopa},
	volume = {series 2},
	shorttitle = {A monograph of the marine and freshwater Ostracoda of the North Atlantic and of northwestern Europe. Section I: Podocopa},
	pages = {63--270},
	number = {4},
	journaltitle = {The Scientific transactions of the Royal Dublin Society},
	author = {Brady, G. S. and Norman, Canon A. M.},
	date = {1889}
}

@article{brady_monograph_1896,
	title = {A monograph of the marine and freshwater Ostracoda of the north Atlantic and of north-western Europe - Part {II}, Sections {II} to {IV}: Myodocopa, Cladocopa and Platycopa.},
	volume = {5},
	url = {http://www.biodiversitylibrary.org/page/14866981},
	shorttitle = {The Scientific transactions of the Royal Dublin Society.},
	pages = {621--746},
	number = {2},
	journaltitle = {The Scientific transactions of the Royal Dublin Society},
	author = {Brady, G. S. and Norman, Canon A. M.},
	date = {1896},
	file = {Brady & Norman (1896):/home/rshearn/.zotero/zotero/gxjenffy.default/zotero/storage/MDJQEVU3/Brady & Norman (1896).pdf:application/pdf}
}

@article{hartmann_asiatische_1964,
	title = {Asiatische Ostracoden},
	volume = {3},
	shorttitle = {Asiatische Ostracoden},
	pages = {1--155},
	journaltitle = {Internationale Revue der gesamten Hydrobiologie, Systematishe Beihefte},
	author = {Hartmann, G.},
	date = {1964}
}

@article{petkovski_beitrag_1959,
	title = {Beitrag zur Kenntnis der Ostracoden-Faune Jugoclawiens (V)},
	volume = {ser B, 4},
	shorttitle = {Beitrag zur Kenntnis der Ostracoden-Faune Jugoclawiens (V)},
	pages = {158--165},
	journaltitle = {Hidrobiologi, Publications of the Hydrobiological Research Institute, Faculty of science, university of Istanbul},
	author = {Petkovski, T. K.},
	date = {1959}
}

@article{wolf_ostracoden_1912,
	title = {Die Ostracoden der Umgebung von Basel},
	volume = {v.85 Heft 1-4 1919},
	url = {http://www.biodiversitylibrary.org/page/13373349},
	shorttitle = {Archiv für Naturgeschichte. Abteilung A.},
	pages = {Page 7},
	journaltitle = {Archiv für Naturgeschichte},
	author = {Wolf, Johann Peter},
	date = {1912},
	file = {Wolf (1912):/home/rshearn/.zotero/zotero/gxjenffy.default/zotero/storage/9E7Z46EF/Wolf (1912).pdf:application/pdf}
}

@article{sars_freshwater_1896,
	title = {On Freshwater Entomostraca from the Neighbourhood of Sydney, partly raised from dried mud},
	volume = {18},
	pages = {1--81},
	journaltitle = {Archiv for Mathematik og Naturvidenskab},
	author = {Sars, G. O.},
	date = {1896},
	file = {Sars (1896):/home/rshearn/.zotero/zotero/gxjenffy.default/zotero/storage/7C98C892/Sars (1896).pdf:application/pdf}
}

@article{jarvekulg_textitilyodromus_1960,
	title = {\textit{Ilyodromus estonicus} n. sp. - novyy presnovodnyy rakushkovyy rachok iz Estonii.},
	volume = {9},
	pages = {27--34},
	journaltitle = {Izv Akad Eston {SSR}. Bioloogiline Seeria},
	author = {J\"arvek\"ulg, A.},
	date = {1960}
}

@article{will_myth_2004,
	title = {Myth of the molecule: {DNA} barcodes for species cannot replace morphology for identification and classification},
	volume = {20},
	issn = {1096-0031},
	url = {http://dx.doi.org/10.1111/j.1096-0031.2003.00008.x},
	doi = {10.1111/j.1096-0031.2003.00008.x},
	pages = {47--55},
	number = {1},
	journaltitle = {Cladistics},
	author = {Will, Kipling W. and Rubinoff, Daniel},
	date = {2004}
}

@article{hrvsak_morphometric_2011,
	title = {Morphometric and molecular ({RAPD}) analysis of six Serapias taxa from Croatia},
	volume = {66},
	issn = {0006-3088},
	url = {http://dx.doi.org/10.2478/s11756-010-0132-5},
	doi = {10.2478/s11756-010-0132-5},
	pages = {55--63},
	number = {1},
	journaltitle = {Biologia},
	author = {Hr\v{s}ak, Vladimir and Brana, Slavko and Sedlar, Zorana and Peji\'c, Ivan},
	date = {2011},
	keywords = {discriminant analysis, endemic orchids, hybridization index, Istria, Molecular taxonomy}
}

@article{angell_response_1989,
	title = {Response of eggs of \textit{Heterocypris incongruens} (Ostracoda) to experimental stress},
	pages = {381--386},
	journaltitle = {Journal of crustacean biology},
	author = {Angell, Robert Walker and Hancock, John Wesley},
	date = {1989}
}

@article{horne_survival_1993,
	title = {Survival strategy to escape desiccation in a freshwater ostracod},
	pages = {53--61},
	journaltitle = {Crustaceana},
	author = {Horne, Francis R},
	date = {1993}
}

@article{martens_global_2008,
	title = {Global diversity of ostracods (Ostracoda, Crustacea) in freshwater},
	volume = {595},
	issn = {0018-8158},
	doi = {10.1007/s10750-007-9245-4},
	shorttitle = {Global diversity of ostracods (Ostracoda, Crustacea) in freshwater},
	pages = {185--193},
	number = {1},
	journaltitle = {Hydrobiologia},
	author = {Martens, Koen and Sch\"on, Isa and Meisch, Claude and Horne, David},
	date = {2008},
	keywords = {Biomedical and Life Sciences}
}

@article{byrne_birth_2008,
	title = {Birth of a biome: insights into the assembly and maintenance of the Australian arid zone biota},
	volume = {17},
	issn = {1365-294X},
	url = {http://dx.doi.org/10.1111/j.1365-294X.2008.03899.x},
	doi = {10.1111/j.1365-294X.2008.03899.x},
	shorttitle = {Birth of a biome: insights into the assembly and maintenance of the Australian arid zone biota},
	pages = {4398--4417},
	number = {20},
	journaltitle = {Molecular Ecology},
	author = {Byrne, Margaret and Yeates, D. K. and Joseph, L. and Kearney, M. and Bowler, J. and Williams, M. A. J. and Cooper, S. and Donnellan, S. C. and Keogh, J. S. and Leys, R. and Melville, J. and Murphy, D. J. and Porch, N. and Wyrwoll, K. H.},
	date = {2008},
	keywords = {arid biota, Australia, diversity, palaeoclimate, phylogeny, phylogeography}
}

@article{martin_cenozoic_2006,
	title = {Cenozoic climatic change and the development of the arid vegetation in Australia},
	volume = {66},
	shorttitle = {Cenozoic climatic change and the development of the arid vegetation in Australia},
	pages = {533--563},
	journaltitle = {Journal of Arid Environments},
	author = {Martin, H.A.},
	date = {2006}
}

@article{pinder_arid_2010,
	title = {An arid zone awash with diversity: patterns in the distribution of aquatic invertebrates in the Pilbara region of Western Australia},
	volume = {78},
	shorttitle = {An arid zone awash with diversity: patterns in the distribution of aquatic invertebrates in the Pilbara region of Western Australia},
	pages = {205--246},
	journaltitle = {Records of the Western Australian Museum, Supplement},
	author = {Pinder, Adrian M. and Halse, S. A. and Shiel, Russell J. and {McRae}, Jane M.},
	date = {2010}
}

@article{maddocks_one_1988,
	title = {One hundred million years of predation on ostracods: the fossil record in Texas},
	volume = {11},
	pages = {637--657},
	journaltitle = {Developments in Palaeontology and Stratigraphy},
	author = {Maddocks, Rosalie F},
	date = {1988}
}

@article{horne_taxonomy_2002,
	title = {Taxonomy, morphology and biology of Quaternary and living Ostracoda},
	pages = {5--36},
	journaltitle = {The Ostracoda: applications in Quaternary research},
	author = {Horne, David J and Cohen, Anne and Martens, Koen},
	date = {2002}
}

@article{horne1993survival,
  title={Survival strategy to escape desiccation in a freshwater ostracod},
  author={Horne, Francis R},
  journal={Crustaceana},
  pages={53--61},
  year={1993},
  publisher={JSTOR}
}

@article{koenders_cryptic_2012,
	title = {Cryptic species of the \textit{Eucypris virens} species complex (Ostracoda, Crustacea) from Europe have invaded Western Australia},
	doi = {10.1007/s10530-012-0224-y},
	shorttitle = {Cryptic species of the Eucypris virens species complex (Ostracoda, Crustacea) from Europe have invaded Western Australia},
	journaltitle = {Biological Invasions},
	author = {Koenders, A. and Martens, K. and Halse, S. A. and Schön, I.},
	date = {2012}
}


@article{schon_cryptic_2012,
	title = {Cryptic Species in Putative Ancient Asexual Darwinulids (Crustacea, Ostracoda)},
	volume = {7},
	doi = {10.1371/journal.pone.0039844},
	shorttitle = {Cryptic Species in Putative Ancient Asexual Darwinulids (Crustacea, Ostracoda)},
	pages = {e39844},
	number = {7},
	journaltitle = {{PLOS} {ONE}},
	author = {Sch\{{\textbackslash}textbackslash\}"on, Isa and Pinto, Ricardo L. and Halse, S. A. and Smith, Alison J. and Martens, Koen and Birky, Jr., C. William},
	date = {2012},
	file = {Schon et al (2012):/home/rshearn/.zotero/zotero/gxjenffy.default/zotero/storage/ID63462B/Schon et al (2012).pdf:application/pdf}
}

@article{gonzalez_mozo_taxonomic_1996,
	title = {A taxonomic revision of European \textit{Herpetocypris} (Brady and Norman, 1889 (Crustacea, Ostracoda))},
	journaltitle = {Bulletin de l'Institut Royal des Sciences Naturelles de Belgique Biologie (Belgium)},
	author = {González Mozo, {ME} and Baltanas, A and Martens, K},
	date = {1996}
}

@article{paris_notes_1920,
	title = {Notes sur les cladoceres et les ostracodes du departement de la Cote-d’Or},
	volume = {44},
	pages = {251--266},
	journaltitle = {Bulletin de la Société zoologique de France},
	author = {Paris, P.},
	date = {1920}
}

@incollection{rome_crustacea:_1965,
	location = {Stockholm},
	title = {Crustacea: Ostracoda. In: Hanstroem B, Brinck P, Rudebeck G},
	volume = {11},
	pages = {9--58},
	booktitle = {South African animal life results of the Lund University expedition in 1950–1951},
	publisher = {Swedish Natural Science Research Council},
	author = {Rome, D. R.},
	editor = {Hanstroem, B. and Brinck, P. and Rudebeck, G.},
	date = {1965}
}

@article{jocque_amphibolocypris_2010,
	title = {On \textit{Amphibolocypris arida} sp. nov.(Crustacea, Ostracoda), from rock pools in Botswana (southern Africa)},
	pages = {47--58},
	number = {2408},
	journaltitle = {Zootaxa},
	author = {Jocque, Merlijn and Brendonck, Luc and Riddoch, Bruce J and Martens, Koen},
	date = {2010}
}

@article{hartmann_summary_1974,
	title = {Summary of neontological and paleontological classification of Ostracoda},
	volume = {70},
	pages = {7--73},
	journaltitle = {Mitteilungen aus dem hamburgischen zoologischen Museum und Institut},
	author = {Hartmann, Gerd and Puri, Harbans Singh},
	date = {1974}
}

@article{jocque_freshwater_2010,
	title = {Freshwater rock pools: a review of habitat characteristics, faunal diversity and conservation value},
	volume = {55},
	issn = {1365-2427},
	url = {http://dx.doi.org/10.1111/j.1365-2427.2010.02402.x},
	doi = {10.1111/j.1365-2427.2010.02402.x},
	pages = {1587--1602},
	number = {8},
	journaltitle = {Freshwater Biology},
	author = {{Jocque}, {Merlijn} and {Vanschoenwinkel}, {Bram} and {Brendonck}, {Luc}},
	date = {2010},
	keywords = {diversity, freshwater, model system, rock pool, temporary},
}

@article{heled2010bayesian,
  title={Bayesian inference of species trees from multilocus data},
  author={Heled, Joseph and Drummond, Alexei J},
  journal={Molecular biology and evolution},
  volume={27},
  number={3},
  pages={570--580},
  year={2010},
  publisher={SMBE}
}

@article{brendonck_pools_2010,
	title = {Pools ‘on the rocks’: freshwater rock pools as model system in ecological and evolutionary research},
	volume = {1},
	pages = {25--40},
	number = {29},
	journaltitle = {Limnetica},
	author = {Brendonck, Luc and Jocque, Merlijn and Hulsmans, Ann and Vanschoenwinkel, Bram},
	date = {2010},
	file = {Brendonk et al (2010).pdf:/home/rshearn/.zotero/zotero/gxjenffy.default/zotero/storage/FU2KF68I/Brendonk et al (2010).pdf:application/pdf}
}

@book{karanovic2012recent,
  title={Recent Freshwater Ostracods of the World: Crustacea, Ostracoda, Podocopida},
  author={Karanovic, Ivana},
  year={2012},
  publisher={Springer}
}

@article{hajibabaei2007dna,
  title={DNA barcoding: how it complements taxonomy, molecular phylogenetics and population genetics},
  author={Hajibabaei, Mehrdad and Singer, Gregory AC and Hebert, Paul DN and Hickey, Donal A},
  journal={TRENDS in Genetics},
  volume={23},
  number={4},
  pages={167--172},
  year={2007},
  publisher={Elsevier}
}

@article{meier_dna_2006,
	title = {{DNA} Barcoding and Taxonomy in Diptera: A Tale of High Intraspecific Variability and Low Identification Success},
	volume = {55},
	url = {http://sysbio.oxfordjournals.org/content/55/5/715.abstract},
	doi = {10.1080/10635150600969864},
	shorttitle = {{DNA} Barcoding and Taxonomy in Diptera: A Tale of High Intraspecific Variability and Low Identification Success},
	pages = {715--728},
	number = {5},
	journaltitle = {Systematic Biology},
	author = {Meier, Rudolf and Shiyang, Kwong and Vaidya, Gaurav and Ng, Peter K. L.},
	date = {2006-10-01},
}

@article{pons_sequence-based_2006,
	title = {Sequence-Based Species Delimitation for the {DNA} Taxonomy of Undescribed Insects},
	volume = {55},
	url = {http://sysbio.oxfordjournals.org/content/55/4/595.abstract},
	doi = {10.1080/10635150600852011},
	shorttitle = {Sequence-Based Species Delimitation for the {DNA} Taxonomy of Undescribed Insects},
	pages = {595--609},
	number = {4},
	journaltitle = {Systematic Biology},
	author = {Pons, Joan and Barraclough, Timothy G. and Gomez-Zurita, Jesus and Cardoso, Anabela and Duran, Daniel P. and Hazell, Steaphan and Kamoun, Sophien and Sumlin, William D. and Vogler, Alfried P.},
	date = {2006-08-01},
}

@article{lefebure_relationship_2006,
	title = {Relationship between morphological taxonomy and molecular divergence within Crustacea: proposal of a molecular threshold to help species delimitation},
	volume = {40},
	pages = {435--447},
	number = {2},
	journaltitle = {Molecular phylogenetics and evolution},
	author = {Lefébure, T and Douady, Christophe J and Gouy, M and Gibert, Janine},
	date = {2006}
}

@article{nagler_revision_2014,
	title = {Revision of the genus \textit{Tanycypris} (Ostracoda, Cypricercinae) with the description of \textit{Tanycypris alfonsi} n. sp., and an identification key to the genus},
	volume = {3821},
	pages = {401--424},
	number = {4},
	journaltitle = {Zootaxa},
	author = {Nagler, Christina and Geist, Juergen and Matzke-Karasz, Renate},
	date = {2014}
}


@article{pellowe-wagstaff_ecology_2014,
	title = {The ecology and mechanisms of overflow-mediated dispersal in a rock-pool metacommunity},
	volume = {59},
	issn = {1365-2427},
	url = {http://dx.doi.org/10.1111/fwb.12337},
	doi = {10.1111/fwb.12337},
	pages = {1161--1172},
	number = {6},
	journaltitle = {Freshwater Biology},
	author = {Pellowe-Wagstaff, Kara E. and Simonis, Joseph L.},
	date = {2014},
	keywords = {Dispersal, food-web dynamics, metapopulation, population variability, temporary pools}
}


@article{vanschoenwinkel_wind_2009,
	title = {Wind mediated dispersal of freshwater invertebrates in a rock pool metacommunity: differences in dispersal capacities and modes},
	volume = {635},
	issn = {0018-8158},
	url = {http://ezproxy.ecu.edu.au/login?url=http://search.proquest.com/docview/195889732?accountid=10675},
	doi = {10.1007/s10750-009-9929-z},
	pages = {363--372},
	number = {1},
	journaltitle = {Hydrobiologia},
	eprinttype = {jstor},
	eprint = {195889732},
	author = {Vanschoenwinkel, Bram and Gielen, Saïdja and Seaman, Maitland and Brendonck, Luc},
	date = {2009-11}
}

@article{vanschoenwinkel_relative_2008,
	title = {Relative importance of different dispersal vectors for small aquatic invertebrates in a rock pool metacommunity},
	volume = {31},
	pages = {567--577},
	number = {5},
	journaltitle = {Ecography},
	author = {Vanschoenwinkel, Bram and Gielen, Saïdja and Vandewaerde, Hanne and Seaman, Maitland and Brendonck, Luc},
	date = {2008}
}

@article{vanschoenwinkel_any_2008,
	title = {Any way the wind blows-frequent wind dispersal drives species sorting in ephemeral aquatic communities},
	volume = {117},
	pages = {125--134},
	number = {1},
	journaltitle = {Oikos},
	author = {Vanschoenwinkel, Bram and Gielen, Saïdja and Seaman, Maitland and Brendonck, Luc},
	date = {2008}
}

@article{caceres_blowing_2002,
	title = {Blowing in the wind: a field test of overland dispersal and colonization by aquatic invertebrates},
	volume = {131},
	pages = {402--408},
	number = {3},
	journaltitle = {Oecologia},
	author = {Cáceres, Carla E and Soluk, Daniel A},
	date = {2002}
}

@article{graham_dispersal_2008,
	title = {Dispersal of large branchiopod cysts: potential movement by wind from potholes on the Colorado Plateau},
	volume = {600},
	pages = {17--27},
	number = {1},
	journaltitle = {Hydrobiologia},
	author = {Graham, Tim B and Wirth, David},
	date = {2008}
}

@article{green_potential_2008,
	title = {The potential role of waterbirds in dispersing invertebrates and plants in arid Australia},
	volume = {53},
	issn = {1365-2427},
	url = {http://dx.doi.org/10.1111/j.1365-2427.2007.01901.x},
	doi = {10.1111/j.1365-2427.2007.01901.x},
	shorttitle = {The potential role of waterbirds in dispersing invertebrates and plants in arid Australia},
	pages = {380--392},
	number = {2},
	journaltitle = {Freshwater Biology},
	author = {Green, A. J. and Jenkins, K. M. and Bell, D. and Morris, P. J. and Kingsford, R. T.},
	date = {2008},
	keywords = {arid-zone river, nomadic waterfowl, passive dispersal, propagules, temporary wetlands}
}

@article{brendonck_regional_2000,
	title = {Regional structuring of genetic variation in short-lived rock pool populations of \textit{Branchipodopsis wolfi} (Crustacea: Anostraca)},
	volume = {123},
	pages = {506--515},
	number = {4},
	journaltitle = {Oecologia},
	author = {Brendonck, Luc and De Meester, Luc and Riddoch, Bruce J},
	date = {2000}
}

@article{hulsmans_direct_2007,
	title = {Direct and indirect measures of dispersal in the fairy shrimp \textit{Branchipodopsis wolfi} indicate a small scale isolation-by-distance pattern},
	volume = {52},
	pages = {676--684},
	number = {2},
	journaltitle = {Limnology and Oceanography},
	author = {Hulsmans, Ann and Moreau, Kelle and De Meester, Luc and Riddoch, Bruce J and Brendonck, Luc},
	date = {2007}
}

@article{an_history_2000,
	title = {The history and variability of the East Asian paleomonsoon climate},
	volume = {19},
	pages = {171--187},
	number = {1},
	journaltitle = {Quaternary Science Reviews},
	author = {An, Zhisheng},
	date = {2000}
}

@article{martens_effects_1985,
	title = {Effects of temperature and salinity on postembryonic growth in \textit{Mytilocypris henricae} (Chapman)(Crustacea, Ostracoda)},
	pages = {258--272},
	journaltitle = {Journal of Crustacean Biology},
	author = {Martens, Koen},
	date = {1985}
}

@article{karanovic_candoninae_2007,
	title = {Candoninae Ostracodes from the Pilbara Region in Western Australia},
	volume = {7},
	doi = {10.1163/ej.9789004156937.i-434},
	shorttitle = {Candoninae Ostracodes from the Pilbara Region in Western Australia},
	pages = {432},
	journaltitle = {Crustaceana Monographs},
	author = {Karanovic, I.},
	date = {2007}
}

@book{van_morkhoven_post-palaeozoic_1962,
	title = {Post-palaeozoic Ostracoda: Their Morphology, Taxonomy and Economic Use},
	url = {http://books.google.com.au/books?id=bdEKAQAAIAAJ},
	series = {Post-palaeozoic Ostracoda: Their Morphology, Taxonomy and Economic Use},
	publisher = {Elsevier Publishing Company},
	author = {Van Morkhoven, F.P.C.M.},
	date = {1962},
	lccn = {62013023}
}

@article{matzke-karasz_subcellular_2014,
	title = {Subcellular preservation in giant ostracod sperm from an early Miocene cave deposit in Australia},
	volume = {281},
	issn = {0962-8452},
	doi = {10.1098/rspb.2014.0394},
	number = {1786},
	journaltitle = {Proceedings of the Royal Society of London B: Biological Sciences},
	author = {Matzke-Karasz, Renate and Neil, John V. and Smith, Robin J. and Symonová, Radka and Mořkovský, Libor and Archer, Michael and Hand, Suzanne J. and Cloetens, Peter and Tafforeau, Paul},
	date = {2014}
}

@book{darwin_origin_1859,
	location = {London},
	title = {The origin of species by means of natural selection, or the preservation of favored races in the struggle for life},
	publisher = {John Murray},
	author = {Darwin, Charles},
	date = {1859}
}

@article{stringer_genetic_1988,
	title = {Genetic and fossil evidence for the origin of modern humans},
	volume = {239},
	url = {http://www.sciencemag.org/content/239/4845/1263.abstract},
	doi = {10.1126/science.3125610},
	abstract = {The origin of living Homo sapiens has once again been the subject of much debate. Genetic data on present human population relationships and data from the Pleistocene fossil hominid record are used to compare two contrasting models for the origin of modern humans. Both genetics and paleontology support a recent African origin for modern humans rather than a long period of multiregional evolution accompanied by gene flow.},
	pages = {1263--1268},
	number = {4845},
	journaltitle = {Science},
	author = {Stringer, {CB} and Andrews, P},
	date = {1988}
}

@book{bell_masterpiece_1982,
	location = {London},
	title = {The Masterpiece of Nature: the Evolution and Genetics of Sexuality},
	shorttitle = {The Masterpiece of Nature: the Evolution and Genetics of Sexuality},
	publisher = {Croom Helm},
	author = {Bell, G.},
	date = {1982}
}

@article{de_queiroz_species_2007,
	title = {Species Concepts and Species Delimitation},
	volume = {56},
	url = {http://sysbio.oxfordjournals.org/content/56/6/879.abstract},
	doi = {10.1080/10635150701701083},
	shorttitle = {Species Concepts and Species Delimitation},
	pages = {879--886},
	number = {6},
	journaltitle = {Systematic Biology},
	author = {De Queiroz, Kevin},
	date = {2007-12-01},
	file = {De Queiroz (2007):/home/rshearn/.zotero/zotero/gxjenffy.default/zotero/storage/BXTIRZZX/De Queiroz (2007).pdf:application/pdf}
}

@article{faria_early_2014,
	title = {The early spread and epidemic ignition of {HIV}-1 in human populations},
	volume = {346},
	url = {http://www.sciencemag.org/content/346/6205/56.abstract},
	doi = {10.1126/science.1256739},
	pages = {56--61},
	number = {6205},
	journaltitle = {Science},
	author = {Faria, Nuno R. and Rambaut, Andrew and Suchard, Marc A. and Baele, Guy and Bedford, Trevor and Ward, Melissa J. and Tatem, Andrew J. and Sousa, João D. and Arinaminpathy, Nimalan and Pépin, Jacques and Posada, David and Peeters, Martine and Pybus, Oliver G. and Lemey, Philippe},
	date = {2014}
}

@article{koboldt_next-generation_2013,
	title = {The Next-Generation Sequencing Revolution and Its Impact on Genomics},
	volume = {155},
	issn = {0092-8674},
	url = {http://www.sciencedirect.com/science/article/pii/S0092867413011410},
	doi = {http://dx.doi.org/10.1016/j.cell.2013.09.006},
	pages = {27 -- 38},
	number = {1},
	journaltitle = {Cell},
	author = {Koboldt, Daniel C. and Steinberg, Karyn Meltz and Larson, David E. and Wilson, Richard K. and Mardis, Elaine R.},
	date = {2013}
}

@article{mardis_decade/s_2011,
	title = {A decade/'s perspective on {DNA} sequencing technology},
	volume = {470},
	issn = {0028-0836},
	url = {http://dx.doi.org/10.1038/nature09796},
	doi = {10.1038/nature09796},
	pages = {198--203},
	number = {7333},
	journaltitle = {Nature},
	shortjournal = {Nature},
	author = {Mardis, Elaine R.},
	date = {2011-02-10},
	file = {Mardis (2011).pdf:/home/rshearn/.zotero/zotero/gxjenffy.default/zotero/storage/8MDH4FWA/Mardis (2011).pdf:application/pdf}
}

@article{monaghan_evolutionary_2008,
	title = {The evolutionary ecology of senescence},
	volume = {22},
	pages = {371--378},
	number = {3},
	journaltitle = {Functional Ecology},
	author = {Monaghan, P and Charmantier, A and Nussey, {DH} and Ricklefs, {RE}},
	date = {2008}
}

@article{thuiller_consequences_2011,
	title = {Consequences of climate change on the tree of life in Europe},
	volume = {470},
	issn = {0028-0836},
	url = {http://dx.doi.org/10.1038/nature09705},
	doi = {10.1038/nature09705},
	pages = {531--534},
	number = {7335},
	journaltitle = {Nature},
	shortjournal = {Nature},
	author = {Thuiller, Wilfried and Lavergne, Sebastien and Roquet, Cristina and Boulangeat, Isabelle and Lafourcade, Bruno and Araujo, Miguel. B.},
	date = {2011-02-24}
}

@article{watson_molecular_1953,
	title = {Molecular structure of nucleic acids},
	volume = {171},
	pages = {737--738},
	number = {4356},
	journaltitle = {Nature},
	author = {Watson, James D and Crick, Francis HC and {others}},
	date = {1953}
}


@book{weismann_essays_1889,
	location = {Oxford},
	title = {Essays upon heredity and kindred biological problems},
	rights = {{NOT}\_IN\_COPYRIGHT},
	url = {http://www.biodiversitylibrary.org/item/23551},
	pagetotal = {496},
	publisher = {Clarendon Press},
	author = {Weismann, August},
	date = {1889},
	note = {http://www.biodiversitylibrary.org/bibliography/28066},
	keywords = {Evolution{\textbar}Heredity{\textbar}Reproduction{\textbar}}
}

@article{bengtsson_biased_1986,
	title = {Biased conversion as the primary function of recombination},
	volume = {47},
	pages = {77--80},
	number = {1},
	journaltitle = {Genetical research},
	author = {Bengtsson, {BO}},
	date = {1986}
}

@article{charlesworth_mutation_1993,
	title = {Mutation accumulation in finite outbreeding and inbreeding populations},
	volume = {61},
	pages = {39--56},
	number = {1},
	journaltitle = {Genetical Research},
	author = {Charlesworth, D and Morgan, {MT} and Charlesworth, B},
	date = {1993}
}

@article{ettinger_meiosis-selection_1986,
	title = {Meiosis-A selection stage preserving the genome's pattern of organisation},
	volume = {8},
	pages = {17--26},
	number = {1},
	journaltitle = {Evolutionary Theory},
	author = {Ettinger, L},
	date = {1986}
}

@book{farley_gametes_1982,
	title = {Gametes \& spores: ideas about sexual reproduction, 1750-1914},
	publisher = {Johns Hopkins University Press Baltimore},
	author = {Farley, John and Farley, J},
	date = {1982}
}

@book{fisher_genetical_1930,
	title = {The Genetical Theory of Natural Selection},
	publisher = {Clarendon Press, Oxford},
	author = {Fisher, R. A.},
	date = {1930}
}

@article{geodakyan_role_1965,
	title = {Role of the sexes in the transmission and transformation of genetic information},
	volume = {1},
	pages = {105--112},
	number = {1},
	journaltitle = {Problemy Peredachi Informatsii},
	author = {Geodakyan, {VA}},
	date = {1965}
}

@article{holliday_possible_1988,
	title = {A possible role for meiotic recombination in germ line reprogramming and maintenance},
	pages = {45--55},
	journaltitle = {The Evolution of Sex},
	author = {Holliday, R},
	date = {1988}
}

@article{kondrashov_selection_1982,
	title = {Selection against harmful mutations in large sexual and asexual populations},
	volume = {40},
	pages = {325--332},
	number = {3},
	journaltitle = {Genetical research},
	author = {Kondrashov, Alexey S},
	date = {1982}
}

@article{kondrashov_deleterious_1988,
	title = {Deleterious mutations and the evolution of sexual reproduction},
	volume = {336},
	doi = {10.1038/336435a0},
	shorttitle = {Deleterious mutations and the evolution of sexual reproduction},
	number = {435},
	journaltitle = {Nature},
	author = {Kondrashov, Alexey S.},
	date = {1988}
}

@article{kondrashov_classification_1993,
	title = {Classification of hypotheses on the advantage of amphimixis},
	volume = {84},
	pages = {372--387},
	number = {5},
	journaltitle = {Journal of Heredity},
	author = {Kondrashov, {AS}},
	date = {1993}
}

@incollection{lloyd_benefits_1980,
	title = {Benefits and handicaps of sexual reproduction},
	pages = {69--111},
	booktitle = {Evolutionary biology},
	publisher = {Springer},
	author = {Lloyd, David G},
	date = {1980}
}

@article{manning_sex_1982,
	title = {Sex and the fixation of single favourable mutations},
	volume = {94},
	pages = {905--908},
	number = {4},
	journaltitle = {Journal of theoretical biology},
	author = {Manning, {JT}},
	date = {1982}
}

@article{manning_consequences_1983,
	title = {The consequences of mutation in multiclonal asexual species},
	volume = {50},
	pages = {15--19},
	number = {1},
	journaltitle = {Heredity},
	author = {Manning, {JT}},
	date = {1983}
}

@book{maynard-smith_evolution_1978,
	location = {Cambridge},
	title = {The Evolution of Sex},
	shorttitle = {The Evolution of Sex},
	publisher = {Cambridge University Press},
	author = {Maynard-Smith, John},
	date = {1978}
}

@article{maynard-smith_selection_1980,
	title = {Selection for recombination in a polygenic model},
	volume = {35},
	shorttitle = {Selection for recombination in a polygenic model},
	number = {269},
	journaltitle = {Genet Res},
	author = {Maynard-Smith, John},
	date = {1980}
}

@article{muller_relation_1964,
	title = {The relation of recombination to mutational advance},
	volume = {1},
	pages = {2--9},
	number = {1},
	journaltitle = {Mutation Research/Fundamental and Molecular Mechanisms of Mutagenesis},
	author = {M\"uller, Herman J},
	date = {1964}
}

@article{muller_genetic_1932,
	title = {Some genetic aspects of sex},
	volume = {66},
	pages = {118--138},
	journaltitle = {American Naturalist},
	author = {M\"uller, Hermann Joseph},
	date = {1932}
}

@article{rice_parent-offspring_1983,
	title = {Parent-offspring pathogen transmission: a selective agent promoting sexual reproduction},
	pages = {187--203},
	journaltitle = {American Naturalist},
	author = {Rice, William R},
	date = {1983}
}

@article{rice_sexual_1983,
	title = {Sexual reproduction: an adaptation reducing parent-offspring contagion},
	pages = {1317--1320},
	journaltitle = {Evolution},
	author = {Rice, William R},
	date = {1983}
}

@article{rice_heritable_1988,
	title = {Heritable variation in fitness as a prerequisite for adaptive female choice: the effect of mutation-selection balance},
	pages = {817--820},
	journaltitle = {Evolution},
	author = {Rice, William R},
	date = {1988}
}

@incollection{seger_parasites_1988,
	title = {Parasites and sex},
	pages = {176--193},
	booktitle = {The evolution of sex},
	author = {Seger, Jon and Hamilton, W. D. and Michod, R. E. and Levin, B. R.},
	date = {1988}
}

@book{serebrovsky_nekotoryye_1973,
	location = {Moscow},
	title = {Nekotoryye problem organicheskoj evolyucii},
	publisher = {Nauka},
	author = {Serebrovsky, {AS}},
	date = {1973}
}

@article{sturtevant_interrelations_1938,
	title = {The interrelations of inversions, heterosis and recombination},
	pages = {447--452},
	journaltitle = {American Naturalist},
	author = {Sturtevant, {AH} and Mather, K},
	date = {1938}
}

@book{williams_sex_1975,
	title = {Sex and evolution},
	number = {8},
	publisher = {Princeton University Press},
	author = {Williams, George Christopher},
	date = {1975}
}

@book{ghiselin_economy_1974,
	location = {California},
	title = {Economy of nature and the evolution of sex},
	publisher = {University of California Press},
	author = {Ghiselin, Michael T},
	date = {1974}
}

@book{maynard-smith_evolutionary_1989,
	title = {Evolutionary genetics.},
	publisher = {Oxford University Press},
	author = {Maynard-Smith, John},
	date = {1989}
}

@article{crow_evolution_1965,
	title = {Evolution in sexual and asexual populations},
	pages = {439--450},
	journaltitle = {American Naturalist},
	author = {Crow, James F and Kimura, Motoo},
	date = {1965}
}

@book{darwin_effects_1876,
	title = {The effects of cross and self fertilisation in the vegetable kingdom},
	publisher = {John Murray},
	author = {Darwin, Charles},
	date = {1876}
}

@article{maynard-smith_evolution_1968,
	title = {Evolution in sexual and asexual populations},
	pages = {469--473},
	journaltitle = {American Naturalist},
	author = {Maynard-Smith, John},
	date = {1968}
}

@incollection{maynard-smith_origin_1971,
	location = {Chicago},
	title = {The origin and maintenance of sex},
	pages = {163--175},
	booktitle = {Group selection},
	publisher = {Aldine-Atherton},
	author = {Maynard-Smith, John},
	editor = {Williams, George Christopher},
	date = {1971}
}

@article{meirmans_methodologies_2006,
	title = {Methodologies for testing a pluralist idea for the maintenance of sex},
	volume = {89},
	pages = {605--613},
	number = {4},
	journaltitle = {Biological Journal of the Linnean Society},
	author = {Meirmans, Stephanie and Neiman, Maurine},
	date = {2006}
}

@article{otto_resolving_2002,
	title = {Resolving the paradox of sex and recombination},
	volume = {3},
	pages = {252--261},
	number = {4},
	journaltitle = {Nature Reviews Genetics},
	author = {Otto, Sarah P and Lenormand, Thomas},
	date = {2002}
}

@article{weismann_significance_1889,
	title = {The significance of sexual reproduction in the theory of natural selection},
	volume = {1},
	pages = {255--332},
	journaltitle = {Essays upon heredity and kindred biological problems},
	author = {Weismann, August},
	date = {1889}
}

@article{weismann_amphimixis_1892,
	title = {Amphimixis or the essential meaning of conjugation and sexual reproduction},
	volume = {2},
	pages = {101--222},
	journaltitle = {Essays upon heredity and kindred biological problems},
	author = {Weismann, August},
	date = {1892}
}

@article{west_pluralist_1999,
	title = {A pluralist approach to sex and recombination},
	volume = {12},
	pages = {1003--1012},
	number = {6},
	journaltitle = {Journal of Evolutionary Biology},
	author = {West, Stuart A and Lively, Curt M and Read, Andrew F},
	date = {1999}
}

@book{williams_sex_1975,
	location = {Princeton},
	title = {Sex and evolution},
	number = {8},
	publisher = {Princeton University Press},
	author = {Williams, George Christopher},
	date = {1975}
}

@article{van_valen_new_1973,
	title = {A new evolutionary law},
	volume = {1},
	pages = {1--30},
	journaltitle = {Evolutionary theory},
	author = {Van Valen, Leigh},
	date = {1973}
}


@incollection{baker_characteristics_1965,
	location = {New York},
	title = {Characteristics and modes of origin of weeds.},
	pages = {147--68},
	booktitle = {The genetics of colonizing species.},
	publisher = {Academic press},
	author = {Baker, Herbert G},
	editor = {Baker, {HG} and Stebbins, {GL}},
	date = {1965}
}

@article{glesener_sexuality_1978,
	title = {Sexuality and the components of environmental uncertainty: clues from geographic parthenogenesis in terrestrial animals},
	pages = {659--673},
	journaltitle = {American Naturalist},
	author = {Glesener, Robert R and Tilman, David},
	date = {1978}
}

@inproceedings{haag_new_2004,
	title = {A new hypothesis to explain geographic parthenogenesis},
	volume = {41},
	pages = {539--544},
	booktitle = {Annales Zoologici Fennici},
	publisher = {Helsinki: Suomen Biologian Seura Vanamo, 1964-},
	author = {Haag, Christoph R and Ebert, Dieter},
	date = {2004}
}

@article{hamilton_fluctuation_1981,
	title = {Fluctuation of environment and coevolved antagonist polymorphism as factors in the maintenance of sex},
	pages = {363--381},
	journaltitle = {Natural selection and social behavior},
	author = {Hamilton, William D and Henderson, Peter A and Moran, Nancy A},
	date = {1981}
}

@article{lynch_destabilizing_1984,
	title = {Destabilizing hybridization, general-purpose genotypes and geographic parthenogenesis},
	pages = {257--290},
	journaltitle = {Quarterly Review of Biology},
	author = {Lynch, Michael},
	date = {1984}
}

@article{paulissen_ecology_1988,
	title = {Ecology of syntopic clones of the parthenogenetic whiptail lizard, \textit{Cnemidophorus laredoensis}},
	pages = {331--342},
	journaltitle = {Journal of herpetology},
	author = {Paulissen, Mark A and Walker, James M and Cordes, James E},
	date = {1988}
}

@article{roughgarden_evolution_1972,
	title = {Evolution of niche width},
	pages = {683--718},
	journaltitle = {American Naturalist},
	author = {Roughgarden, Jonathan},
	date = {1972}
}

@article{tomlinson_advantages_1966,
	title = {The advantages of hermaphroditism and parthenogenesis},
	volume = {11},
	pages = {54--58},
	number = {1},
	journaltitle = {Journal of Theoretical Biology},
	author = {Tomlinson, J},
	date = {1966}
}

@incollection{white_heterozygosity_1970,
	location = {New York},
	title = {Heterozygosity and genetic polymorphism in parthenogenetic animals},
	pages = {237--262},
	booktitle = {Essays in evolution and genetics in honor of Theodosius Dobzhansky},
	publisher = {Appleton-Century-Crofts},
	author = {White, {MJD}},
	editor = {Hecht, M. K. and Steer, W. C.},
	date = {1970}
}

@article{beukeboom_evolutionary_1998,
	title = {Evolutionary genetics and ecology of sperm-dependent parthenogenesis},
	volume = {11},
	pages = {755--782},
	number = {6},
	journaltitle = {Journal of Evolutionary Biology},
	author = {Beukeboom, {LW} and Vrijenhoek, {RC}},
	date = {1998}
}

@article{vrijenhoek_heterozygosity_1982,
	title = {Heterozygosity and developmental stability under sexual and asexual breeding systems},
	pages = {768--776},
	journaltitle = {Evolution},
	author = {Vrijenhoek, Robert C and Lerman, Steven},
	date = {1982}
}


@article{charlesworth_inbreeding_1987,
	title = {Inbreeding depression and its evolutionary consequences},
	volume = {18},
	pages = {237--268},
	journaltitle = {Annual review of ecology and systematics},
	author = {Charlesworth, D and Charlesworth, B},
	date = {1987}
}

@article{kearney_why_2003,
	title = {Why is sex so unpopular in the Australian desert?},
	volume = {18},
	shorttitle = {Why is sex so unpopular in the Australian desert?},
	pages = {605--607},
	number = {12},
	journaltitle = {Trends in Ecology and Evolution},
	author = {Kearney, Michael R.},
	date = {2003},
	file = {Kearney (2003):/home/rshearn/.zotero/zotero/gxjenffy.default/zotero/storage/QW7FBSBA/Kearney (2003).PDF:application/pdf}
}

@article{parker_jr_genetic_1977,
	title = {Genetic diversity in colonizing parthenogenetic cockroaches},
	volume = {31},
	pages = {836--842},
	journaltitle = {Evolution},
	author = {Parker Jr, E Davis and Selander, Robert K and Hudson, Robert O and Lester, {LJ}},
	date = {1977}
}

@incollection{parker_jr_geographic_2002,
	location = {Oxford},
	title = {Geographic parthenogenesis in terrestrial invertebrates: generalist or specialist clones},
	pages = {93--114},
	booktitle = {Progress in asexual propagation and reproductive strategies. Oxford-{IBH}, Oxford},
	publisher = {Oxford-{IBH}},
	author = {Parker Jr, E Davis},
	editor = {Hughes, R. N.},
	date = {2002}
}

@article{vrijenhoek_factors_1979,
	title = {Factors affecting clonal diversity and coexistence},
	volume = {19},
	pages = {787--797},
	number = {3},
	journaltitle = {American Zoologist},
	author = {Vrijenhoek, Robert C},
	date = {1979}
}

@incollection{vrijenhoek_ecological_1984,
	location = {Heidelberg},
	title = {Ecological differentiation among clones: the frozen niche variation model},
	pages = {217--231},
	booktitle = {Population biology and evolution},
	publisher = {Springer},
	author = {Vrijenhoek, Robert C},
	editor = {Wohrmann, K and Loeschke, V},
	date = {1984}
}

@article{wright_weeds_1968,
	title = {Weeds, polyploids, parthenogenesis, and the geographical and ecological distribution of all-female species of \textit{Cnemidophorus}},
	pages = {128--138},
	journaltitle = {Copeia},
	author = {Wright, John W and Lowe, Charles H},
	date = {1968}
}

@article{moore_evaluation_1977,
	title = {An evaluation of narrow hybrid zones in vertebrates},
	volume = {52},
	pages = {263--277},
	journaltitle = {Quarterly Review of Biology},
	author = {Moore, William S},
	date = {1977}
}

@article{adolfsson_evaluation_2009,
	title = {Evaluation Of Elevated Ploidy And Asexual Reproduction As Alternative Explanations For Geographic Parthenogenesis In \textit{Eucypris Virens} Ostracods},
	volume = {64},
	issn = {1558-5646},
	url = {http://dx.doi.org/10.1111/j.1558-5646.2009.00872.x},
	doi = {10.1111/j.1558-5646.2009.00872.x},
	shorttitle = {Evaluation Of Elevated Ploidy And Asexual Reproduction As Alternative Explanations For Geographic Parthenogenesis In Eucypris Virens Ostracods},
	pages = {986--997},
	number = {4},
	journaltitle = {Evolution},
	author = {Adolfsson, Sofia and Michalakis, Yannis and Paczesniak, Dorota and Bode, Saskia N. S. and Butlin, Roger K. and Lamatsch, Dunja K. and Martins, Maria J. F. and Schmit, Olivier and Vandekerkhove, Jochen and Jokela, Jukka},
	date = {2009},
	keywords = {colonization, geographic polyploidy, mitochondrial divergence, polyphyletic}
}

@article{kearney_waves_2006,
	title = {Waves of parthenogenesis in the desert: evidence for the parallel loss of sex in a grasshopper and a gecko from Australia},
	volume = {15},
	shorttitle = {Waves of parthenogenesis in the desert: evidence for the parallel loss of sex in a grasshopper and a gecko from Australia},
	pages = {1743--1748},
	journaltitle = {Molecular Ecology},
	author = {Kearney, Michael R. and Blacket, M. J. and Strasburg, J. L. and Moritz, C.},
	date = {2006}
}

@article{maniatsi_is_2011,
	title = {Is polyploidy a persevering accident or an adaptive evolutionary pattern? The case of the brine shrimp \textit{Artemia}},
	volume = {58},
	issn = {1055-7903},
	url = {http://www.sciencedirect.com/science/article/pii/S1055790310004719},
	doi = {10.1016/j.ympev.2010.11.029},
	shorttitle = {Is polyploidy a persevering accident or an adaptive evolutionary pattern? The case of the brine shrimp Artemia},
	pages = {353--364},
	number = {2},
	journaltitle = {Molecular Phylogenetics and Evolution},
	author = {Maniatsi, Stefania and Baxevanis, Athanasios D. and Kappas, Ilias and Deligiannidis, Panagiotis and Triantafyllidis, Alexander and Papakostas, Spiros and Bougiouklis, Dimitrios and Abatzopoulos, Theodore J.},
	date = {2011},
	keywords = {Asexuality, Flow cytometry, geographic parthenogenesis, Life-history strategy, microsatellites}
}

@article{schon_slow_1998,
	title = {Slow molecular evolution in an ancient asexual ostracod},
	volume = {265},
	shorttitle = {Slow molecular evolution in an ancient asexual ostracod},
	pages = {235--242},
	journaltitle = {Proceedings of the Royal Society of London},
	author = {Schön, Isabelle and Butlin, Roger K. and Griffiths, Huw I. and Martens, Koen},
	date = {1998}
}

@article{stenberg_evolution_2003,
	title = {Evolution of Clonality and Polyploidy in a Weevil System},
	volume = {20},
	shorttitle = {Evolution of Clonality and Polyploidy in a Weevil System},
	pages = {1626--1632},
	number = {10},
	journaltitle = {Molecular Biology and Evolution},
	author = {Stenberg, P. and Lundmark, M. and Knutelski, S. and Saura, A.},
	date = {2003}
}

@article{vorburger_geographic_2006,
	title = {Geographic Parthenogenesis: Recurrent Patterns Down Under},
	volume = {15},
	shorttitle = {Geographic Parthenogenesis: Recurrent Patterns Down Under},
	pages = {641--643},
	number = {16},
	journaltitle = {Current Biology},
	author = {Vorburger, Christoph},
	date = {2006}
}


@article{chaplin_sex_1994,
	title = {Sex and ostracods},
	volume = {9},
	issn = {0169-5347},
	url = {http://www.sciencedirect.com/science/article/pii/0169534794901279},
	doi = {10.1016/0169-5347(94)90127-9},
	shorttitle = {Sex and ostracods},
	pages = {435--439},
	number = {11},
	journaltitle = {Trends in Ecology \& Evolution},
	author = {Chaplin, Jennie A. and Havel, John E. and Hebert, Paul D. N.},
	date = {1994}
}

@article{cosendai_geographical_2013,
	title = {Geographical parthenogenesis and population genetic structure in the alpine species \textit{Ranunculus kuepferi} (Ranunculaceae).},
	volume = {110},
	doi = {10.1038/hdy.2013.1},
	pages = {560--569},
	number = {6},
	journaltitle = {Heredity},
	shortjournal = {Heredity (Edinb)},
	author = {Cosendai, A.-C. and Wagner, J. and Ladinig, U. and Rosche, C. and Horandl, E.},
	date = {2013-06},
	pmid = {23403961},
	pmcid = {PMC3656632},
	keywords = {*Genetic Variation, *Parthenogenesis, Amplified Fragment Length Polymorphism Analysis, Apomixis/*genetics, gene flow, Genetics, Population, Genotype, Microsatellite Repeats, Molecular Sequence Data, polyploidy, Ranunculus/*genetics}
}

@article{dorken_severely_2001,
	title = {Severely reduced sexual reproduction in northern populations of a clonal plant, \textit{Decodon verticillatus} (Lythraceae)},
	volume = {89},
	pages = {339--350},
	number = {3},
	journaltitle = {Journal of Ecology},
	author = {Dorken, Marcel E and Eckert, Christoper G},
	date = {2001}
}

@article{eckert_clonal_1993,
	title = {Clonal reproduction and patterns of genotypic diversity in \textit{Decodon verticillatus} (Lythraceae)},
	pages = {1175--1182},
	journaltitle = {American Journal of Botany},
	author = {Eckert, Christopher G and Barrett, Spencer {CH}},
	date = {1993}
}

@incollection{martens_sex_1998,
	location = {Leiden},
	title = {Sex Determination in Non-Marine Ostracods},
	shorttitle = {Sex Determination in Non-Marine Ostracods},
	booktitle = {Sex and Parthenogenesis: Evolutionary Ecology of Reproductive Modes in Non-Marine Ostracods},
	publisher = {Backhuys},
	author = {Schön, Isabelle and Martens, K},
	editor = {Martens, Koen},
	date = {1998}
}

@article{neiman_genetic_2014,
	title = {Genetic causes of transitions from sexual reproduction to asexuality in plants and animals},
	volume = {27},
	journaltitle = {Journal of evolutionary biology},
	author = {Neiman, M and Sharbel, {TF} and Schwander, T},
	date = {2014}
}

@article{neiman_wide_2011,
	title = {Wide variation in ploidy level and genome size in a New Zealand freshwater snail with coexisting sexual and asexual lineages},
	volume = {65},
	shorttitle = {Wide variation in ploidy level and genome size in a New Zealand freshwater snail with coexisting sexual and asexual lineages},
	pages = {3202--3216},
	number = {11},
	journaltitle = {Evolution},
	author = {Neiman, Maurine and Paczesniak, Dorota and Soper, Deanna M. and Baldwin, Austin T. and Hehman, Gery},
	date = {2011},
}

@article{bayly_aquatic_2011,
	title = {Aquatic invertebrates of rockholes in the south-east of Western Australia},
	volume = {94},
	pages = {549--555},
	journaltitle = {Journal of the Royal Society of Western Australia},
	author = {Bayly, {IAE} and Halse, {SA} and Timms, {BV}},
	date = {2011}
}

@article{blaustein_why_2001,
	title = {Why study ecology in temporary pools?},
	volume = {47},
	pages = {303--312},
	number = {4},
	journaltitle = {Israel Journal of Zoology},
	author = {Blaustein, Leon and Schwartz, Steven S},
	date = {2001}
}

@article{ellis_evaluating_2006,
	title = {Evaluating the long-term metacommunity dynamics of tree hole mosquitoes},
	volume = {87},
	pages = {2582--2590},
	number = {10},
	journaltitle = {Ecology},
	author = {Ellis, Alicia M and Lounibos, L Philip and Holyoak, Marcel},
	date = {2006}
}

@article{jocque_faunistics_2006,
	title = {Faunistics of ephemeral rock pools in southeastern Botswana},
	volume = {165},
	pages = {415--431},
	number = {3},
	journaltitle = {Archiv für Hydrobiologie},
	author = {Jocque, Merlijn and Martens, Koen and Riddoch, Bruce and Brendonck, Luc},
	date = {2006}
}

@article{lister_microgeomorphology_1973,
	title = {The microgeomorphology of granite hills in north-eastern Rhodesia},
	volume = {3},
	pages = {157--161},
	journaltitle = {Geological Society of South Africa Special Publication},
	author = {Lister, {LA}},
	date = {1973}
}

@article{ng_hierarchical_2009,
	title = {Hierarchical zooplankton metacommunities: distinguishing between high and limiting dispersal mechanisms},
	volume = {619},
	pages = {133--143},
	number = {1},
	journaltitle = {Hydrobiologia},
	author = {Ng, Ingrid {SY} and Carr, Christina M and Cottenie, Karl},
	date = {2009}
}

@article{pandit_contrasts_2009,
	title = {Contrasts between habitat generalists and specialists: an empirical extension to the basic metacommunity framework},
	volume = {90},
	pages = {2253--2262},
	number = {8},
	journaltitle = {Ecology},
	author = {Pandit, Shubha N and Kolasa, Jurek and Cottenie, Karl},
	date = {2009}
}

@article{twidale_gnammas_1963,
	title = {Gnammas},
	volume = {14},
	pages = {1--20},
	journaltitle = {Revue de Géomorphologie Dynamique},
	author = {Twidale, C Rowland and Corbin, Elizabeth M},
	date = {1963}
}

@article{vanschoenwinkel_role_2007,
	title = {The role of metacommunity processes in shaping invertebrate rock pool communities along a dispersal gradient},
	volume = {116},
	pages = {1255--1266},
	number = {8},
	journaltitle = {Oikos},
	author = {Vanschoenwinkel, Bram and De Vries, Chris and Seaman, Maitland and Brendonck, Luc},
	date = {2007}
}

@article{vanschoenwinkel_community_2009,
	title = {Community structure in temporary freshwater pools: disentangling the effects of habitat size and hydroregime},
	volume = {54},
	issn = {1365-2427},
	url = {http://dx.doi.org/10.1111/j.1365-2427.2009.02198.x},
	doi = {10.1111/j.1365-2427.2009.02198.x},
	shorttitle = {Community structure in temporary freshwater pools: disentangling the effects of habitat size and hydroregime},
	pages = {1487--1500},
	number = {7},
	journaltitle = {Freshwater Biology},
	author = {Vanschoenwinkel, Bram and Hulsmans, A. N. N. and De Roeck, E. L. S. and De Vries, Chris and Seaman, Maitland and Brendonck, L. U. C.},
	date = {2009},
	keywords = {ecohydrology, hydrological modelling, hydroregime, temporary pools, variation partitioning}
}

@incollection{martens_reproductive_1998,
	location = {Leiden},
	title = {Reproductive modes and taxonomy},
	pages = {197--214},
	booktitle = {Sex and Parthenogenesis–evolutionary ecology of reproductive modes in non-marine ostracods.},
	publisher = {Backhuys Publishers},
	author = {Martens, K and Rossetti, G and Baltanas, A},
	date = {1998}
}

@incollection{martens_sex_1998,
	location = {Leiden},
	title = {Sex Determination in Non-Marine Ostracods},
	shorttitle = {Sex Determination in Non-Marine Ostracods},
	pages = {25--36},
	booktitle = {Sex and Parthenogenesis: Evolutionary Ecology of Reproductive Modes in Non-Marine Ostracods},
	publisher = {Backhuys},
	author = {Schön, Isabelle and Martens, Koen},
	editor = {Martens, Koen},
	date = {1998}
}

@article{birky_species_2013,
	title = {Species Detection and Identification in Sexual Organisms Using Population Genetic Theory and {DNA} Sequences},
	volume = {8},
	url = {http://dx.doi.org/10.1371%2Fjournal.pone.0052544},
	doi = {10.1371/journal.pone.0052544},
	pages = {e52544},
	number = {1},
	journaltitle = {{PLoS} {ONE}},
	author = {Birky, Jr, C. William},
	date = {2013}
}

@article{cracraft_species_1983,
	title = {Species concepts and speciation analysis},
	volume = {1},
	pages = {159--187},
	journaltitle = {Current ornithology},
	author = {Cracraft, Joel},
	date = {1983}
}

@article{dobzhansky_mendelian_1950,
	title = {Mendelian populations and their evolution},
	volume = {84},
	shorttitle = {Mendelian populations and their evolution},
	pages = {401--418},
	journaltitle = {Americal Society of Naturalists},
	author = {Dobzhansky, T.},
	date = {1950}
}

@article{donoghue_critique_1985,
	title = {A critique of the biological species concept and recommendations for a phylogenetic alternative},
	volume = {88},
	pages = {172--181},
	journaltitle = {Bryologist},
	author = {Donoghue, Michael J},
	date = {1985}
}

@incollection{mayden_hierarchy_1997,
	location = {London},
	title = {A hierarchy of species concepts: the denouement in the saga of the species problem.},
	pages = {381--424},
	booktitle = {Species: The units of biodiversity},
	publisher = {Chapman and Hall},
	author = {Mayden, Richard L},
	editor = {Claridge, M. F. and Dawah, H. A. and Wilson, M. R.},
	date = {1997}
}

@book{mayr_systematics_1942,
	location = {New York},
	title = {Systematics and the origin of species},
	shorttitle = {Systematics and the origin of species},
	publisher = {Columbia University Press},
	author = {Mayr, E.},
	date = {1942}
}

@book{mayr_growth_1982,
	location = {Cambridge, Massachusetts},
	title = {The growth of biological thought: diversity, evolution, and inheritance},
	publisher = {Harvard University Press},
	author = {Mayr, Ernst},
	date = {1982}
}

@article{mckitrick_species_1988,
	title = {Species concepts in ornithology},
	volume = {90},
	pages = {1--14},
	journaltitle = {Condor},
	author = {{McKitrick}, Mary C and Zink, Robert M},
	date = {1988}
}

@article{michener_diverse_1970,
	title = {Diverse approaches to systematics},
	volume = {4},
	pages = {1--38},
	journaltitle = {Evolutionary Biology},
	author = {Michener, Charles D.},
	date = {1970}
}

@article{mishler_morphological_1985,
	title = {The morphological, developmental, and phylogenetic basis of species concepts in bryophytes},
	volume = {88},
	pages = {207--214},
	journaltitle = {Bryologist},
	author = {Mishler, Brent D},
	date = {1985}
}

@book{nelson_systematics_1981,
	location = {New York},
	title = {Systematics and biogeography},
	publisher = {Columbia University Press},
	author = {Nelson, Gareth and Platnick, Norman I},
	date = {1981}
}

@article{nixon_amplification_1990,
	title = {An amplification of the phylogenetic species concept},
	volume = {6},
	pages = {211--223},
	number = {3},
	journaltitle = {Cladistics},
	author = {Nixon, Kevin C and Wheeler, Quentin D},
	date = {1990}
}

@article{pons_sequence-based_2006,
	title = {Sequence-Based Species Delimitation for the {DNA} Taxonomy of Undescribed Insects},
	volume = {55},
	url = {http://sysbio.oxfordjournals.org/content/55/4/595.abstract},
	doi = {10.1080/10635150600852011},
	shorttitle = {Sequence-Based Species Delimitation for the {DNA} Taxonomy of Undescribed Insects},
	pages = {595--609},
	number = {4},
	journaltitle = {Systematic Biology},
	author = {Pons, Joan and Barraclough, Timothy G. and Gomez-Zurita, Jesus and Cardoso, Anabela and Duran, Daniel P. and Hazell, Steaphan and Kamoun, Sophien and Sumlin, William D. and Vogler, Alfried P.},
	date = {2006-08-01},
	file = {Pons (2006):/home/rshearn/.zotero/zotero/gxjenffy.default/zotero/storage/IN4MSAM6/Pons (2006).pdf:application/pdf}
}

@article{rosen_fishes_1979,
	title = {Fishes from the uplands and intermontane basins of Guatemala: revisionary studies and comparative geography},
	volume = {162},
	pages = {267--376},
	journaltitle = {Bulletin American Museum of Natural History},
	author = {Rosen, Donn Eric},
	date = {1979}
}

@book{simpson_principles_1961,
	location = {New York},
	title = {Principles of animal taxonomy},
	number = {20},
	publisher = {Columbia University Press},
	author = {Simpson, George Gaylord},
	date = {1961}
}

@book{sneath_numerical_1973,
	location = {San Francisco},
	title = {Numerical taxonomy. The principles and practice of numerical classification.},
	publisher = {W. H. Freeman},
	author = {Sneath, Peter H. A. and Sokal, Robert R.},
	date = {1973}
}

@article{sneath_phenetic_1976,
	title = {Phenetic taxonomy at the species level and above},
	volume = {25},
	pages = {437--450},
	journaltitle = {Taxon},
	author = {Sneath, Peter H. A.},
	date = {1976}
}

@article{sokal_biological_1970,
	title = {The biological species concept: a critical evaluation},
	volume = {104},
	pages = {127--153},
	journaltitle = {American Naturalist},
	author = {Sokal, Robert R and Crovello, Theodore J},
	date = {1970}
}

@incollection{templeton_meaning_1989,
	location = {Sunderland, Massachusetts},
	title = {The meaning of species and speciation: a genetic perspective},
	pages = {159--183},
	booktitle = {The units of evolution: Essays on the nature of species},
	publisher = {Sinauer Associates},
	author = {Templeton, Alan R.},
	editor = {Otte, D. and Endler, J. A.},
	date = {1989}
}

@article{templeton_nested_1998,
	title = {Nested clade analyses of phylogeographic data: testing hypotheses about gene flow and population history},
	volume = {7},
	issn = {1365-294X},
	url = {http://dx.doi.org/10.1046/j.1365-294x.1998.00308.x},
	doi = {10.1046/j.1365-294x.1998.00308.x},
	shorttitle = {Nested clade analyses of phylogeographic data: testing hypotheses about gene flow and population history},
	pages = {381--397},
	number = {4},
	journaltitle = {Molecular Ecology},
	author = {Templeton, Alan R.},
	date = {1998},
	keywords = {coalescence, colonization, fragmentation, gene flow, haplotype tree, population structure, range expansion}
}

@incollection{templeton_species_1998,
	location = {New York},
	title = {Species and speciation: geography, population structure, ecology, and gene trees},
	pages = {32--43},
	booktitle = {Endless forms: Species and speciation},
	publisher = {Oxford University Press},
	author = {Templeton, Alan R.},
	editor = {Howard, D. J. and Berlocher, S. H.},
	date = {1998}
}

@article{van_valen_ecological_1976,
	title = {Ecological species, multispecies, and oaks},
	volume = {25},
	pages = {233--239},
	journaltitle = {Taxon},
	author = {Van Valen, Leigh},
	date = {1976}
}

@article{wiley_evolutionary_1978,
	title = {The evolutionary species concept reconsidered},
	volume = {27},
	pages = {17--26},
	number = {1},
	journaltitle = {Systematic Biology},
	author = {Wiley, Edward O},
	date = {1978}
}

@incollection{wiley_evolutionary_2000,
	location = {New York},
	title = {The evolutionary species concept},
	pages = {70--89},
	booktitle = {Species concepts and phylogenetic theory: a debate},
	publisher = {Columbia University Press},
	author = {Wiley, {EO} and Mayden, Richard L},
	editor = {Wheeler, Q. D. and Meier, Rudolf},
	date = {2000}
}

@incollection{huxley_statistical_1940,
	location = {London},
	title = {The statistical consequences of Mendelian heredity in relation to speciation.},
	shorttitle = {The statistical consequences of Mendelian heredity in relation to speciation.},
	pages = {161--183},
	booktitle = {The new systematics},
	publisher = {Oxford University Press},
	author = {Wright, S.},
	editor = {Huxley, J.},
	date = {1940}
}

@article{andersson_driving_1990,
	title = {The driving force: Species concepts and ecology},
	volume = {39},
	pages = {375--382},
	journaltitle = {Taxon},
	author = {Andersson, Lennart},
	date = {1990}
}

@article{dunn_occurrence_2004,
	title = {Occurrence and quantity of precipitation can be modelled simultaneously},
	volume = {24},
	pages = {1231--1239},
	number = {10},
	journaltitle = {International Journal of Climatology},
	author = {Dunn, Peter K},
	date = {2004}
}

@article{wickham_split-apply-combine_2011,
	title = {The split-apply-combine strategy for data analysis},
	volume = {40},
	pages = {1--29},
	number = {1},
	journaltitle = {Journal of Statistical Software},
	author = {Wickham, Hadley},
	date = {2011}
}

@article{hasan_two_2011,
	title = {Two Tweedie distributions that are near-optimal for modelling monthly rainfall in Australia},
	volume = {31},
	pages = {1389--1397},
	number = {9},
	journaltitle = {International Journal of Climatology},
	author = {Hasan, Md Masud and Dunn, Peter K},
	date = {2011}
}

@book{smyth_statmod:_2014,
	title = {statmod: Statistical Modeling},
	url = {http://CRAN.R-project.org/package=statmod},
	author = {Smyth, Gordon and Hu, Yifang and Dunn, Peter and Phipson, Belinda and Chen, Yunshun},
	date = {2014},
	note = {R package version 1.4.20}
}

@book{dunn_tweedie:_2014,
	title = {tweedie: Tweedie exponential family models},
	author = {Dunn, Peter K.},
	date = {2014},
	note = {R package version 2.2.1}
}

@book{dorai-raj_binom:_2014,
	title = {binom: Binomial Confidence Intervals For Several Parameterizations},
	url = {http://CRAN.R-project.org/package=binom},
	author = {Dorai-Raj, Sundar},
	date = {2014},
	note = {R package version 1.1-1}
}


@book{jurgiel_qgis:_2015,
	title = {{QGIS}: Point sampling tool},
	url = {https://plugins.qgis.org/plugins/pointsamplingtool/},
	publisher = {Open Source Geospatial Foundation},
	author = {Jurgiel, Borys},
	date = {2015}
}

@book{qgis_development_team_qgis_2015,
	title = {{QGIS} Geographic Information System},
	url = {http://qgis.osgeo.org},
	publisher = {Open Source Geospatial Foundation},
	author = {{QGIS Development Team}},
	date = {2015}
}

@article{altermatt_desiccation_2009,
	title = {Desiccation of rock pool habitats and its influence on population persistence in a \textit{Daphnia} metacommunity},
	volume = {4},
	pages = {e4703},
	number = {3},
	journaltitle = {{PLoS} One},
	author = {Altermatt, Florian and Pajunen, V Ilmari and Ebert, Dieter},
	date = {2009}
}

@book{barton_mumin:_2014,
	title = {{MuMIn}: Multi-Model Inference},
	url = {http://CRAN.R-project.org/package=MuMIn},
	author = {Bartoń, Kamil},
	date = {2014},
	note = {R package version 1.12.1}
}

@book{bolker_bbmle:_2014,
	title = {bbmle: Tools for general maximum likelihood estimation},
	url = {http://CRAN.R-project.org/package=bbmle},
	author = {Bolker, Ben and Team, R. Development Core},
	date = {2014},
	note = {R package version 1.0.17}
}

@article{hulsmans_quantifying_2008,
	title = {Quantifying the hydroregime of a temporary pool habitat: a modelling approach for ephemeral rock pools in {SE} Botswana},
	volume = {11},
	pages = {89--100},
	number = {1},
	journaltitle = {Ecosystems},
	author = {Hulsmans, Ann and Vanschoenwinkel, Bram and Pyke, Chris and Riddoch, Bruce J and Brendonck, Luc},
	date = {2008},
	file = {Hulsmans et al (2008).pdf:/home/rshearn/.zotero/zotero/gxjenffy.default/zotero/storage/ZZSVKJAP/Hulsmans et al (2008).pdf:application/pdf}
}

@article{adams_genes_2003,
	title = {Genes duplicated by polyploidy show unequal contributions to the transcriptome and organ-specific reciprocal silencing},
	volume = {100},
	pages = {4649--4654},
	number = {8},
	journaltitle = {Proceedings of the National Academy of Sciences},
	author = {Adams, Keith L and Cronn, Richard and Percifield, Ryan and Wendel, Jonathan F},
	date = {2003}
}

@article{adams_australian_2003,
	title = {The Australian scincid lizard \textit{Menetia greyii}: a new instance of widespread vertebrate parthenogenesis},
	volume = {57},
	pages = {2619--2627},
	number = {11},
	journaltitle = {Evolution},
	author = {Adams, Mark and Foster, Ralph and Hutchinson, Mark N and Hutchinson, Rhonda G and Donnellan, Steve C},
	date = {2003}
}

@article{andrew_genetic_2003,
	title = {Genetic, cytogenetic and morphological patterns in a mixed mulga population: evidence for apomixis},
	volume = {16},
	pages = {69--80},
	number = {1},
	journaltitle = {Australian Systematic Botany},
	author = {Andrew, Rose L and Miller, Joseph T and Peakall, Rod and Crisp, Michael D and Bayer, Randall J},
	date = {2003}
}

@article{blumenthal_parthenogenesis_1983,
	title = {Parthenogenesis in the endemic Australian lizard \textit{Heteronotia binoei} (Gekkonidae)},
	volume = {220},
	journaltitle = {Science},
	author = {Blumenthal, J and Whalen, R},
	date = {1983}
}

@article{holman_molecular_2000,
	title = {Molecular and morphological variation in the \textit{Senna artemisioides} complex},
	volume = {48},
	pages = {569--579},
	number = {5},
	journaltitle = {Australian Journal of Botany},
	author = {Holman, {JE} and Playford, J},
	date = {2000}
}

@article{honeycutt_electrophoretic_1989,
	title = {Electrophoretic variation in the parthenogenetic grasshopper \textit{Warramaba virgo} and its sexual relatives},
	pages = {1027--1044},
	journaltitle = {Evolution},
	author = {Honeycutt, Rodney L and Wilkinson, Pat},
	date = {1989}
}

@article{john_extensive_1987,
	title = {Extensive chromosome variation in the stick insect genus \textit{Sipyloidea} Brunner von Wattenwyl (Phylliidae: Necrosciinae) within Australia, and descriptions of three new species},
	volume = {1},
	pages = {603--630},
	number = {6},
	journaltitle = {Invertebrate Systematics},
	author = {John, B and Rentz, {DCF} and Contreras, N},
	date = {1987}
}

@article{moritz_origin_1993,
	title = {The origin and evolution of parthenogenesis in the \textit{Heteronotia binoei} complex: Synthesis},
	volume = {90},
	pages = {269--280},
	number = {2},
	journaltitle = {Genetica},
	author = {Moritz, Craig},
	date = {1993}
}

@article{otto_polyploids_2003,
	title = {In polyploids, one plus one does not equal two},
	volume = {18},
	pages = {431--433},
	number = {9},
	journaltitle = {Trends in Ecology \& Evolution},
	author = {Otto, Sarah P},
	date = {2003}
}

@article{randell_adaptations_1970,
	title = {Adaptations in the genetic system of Australian arid zone \textit{Cassia} species (Leguminosae, Caesalpinioideae)},
	volume = {18},
	pages = {77--97},
	number = {1},
	journaltitle = {Australian Journal of Botany},
	author = {Randell, Barbara R},
	date = {1970}
}

@article{white_cytogenetics_1972,
	title = {Cytogenetics of the parthenogenetic grasshopper \textit{Moraba virgo} and its bisexual relatives},
	volume = {40},
	pages = {199--212},
	number = {2},
	journaltitle = {Chromosoma},
	author = {White, {MJD} and Webb, {GC} and Cheney, J},
	date = {1972}
}

@article{morton_studies_1977,
	title = {Studies on the ecology of some temporary freshwater pools in Victoria with special reference to microcrustaceans},
	volume = {28},
	url = {http://www.publish.csiro.au/paper/MF9770439},
	doi = {10.1071/MF9770439},
	shorttitle = {Studies on the ecology of some temporary freshwater pools in Victoria with special reference to microcrustaceans},
	pages = {439--454},
	number = {4},
	journaltitle = {Marine and Freshwater Research},
	author = {Morton, {DW} and Bayly, {IAE}},
	date = {1977},
	file = {Morton & Bayly (1977):/home/rshearn/.zotero/zotero/gxjenffy.default/zotero/storage/5S3QF5CU/Morton & Bayly (1977).pdf:application/pdf}
}

@article{baer_mutation_2007,
	title = {Mutation rate variation in multicellular eukaryotes: causes and consequences},
	volume = {8},
	pages = {619--631},
	number = {8},
	journaltitle = {Nature Reviews Genetics},
	author = {Baer, Charles F and Miyamoto, Michael M and Denver, Dee R},
	date = {2007}
}

@article{sistrom_morphological_2012,
	title = {Morphological differentiation correlates with ecological but not with genetic divergence in a \textit{Gehyra} gecko},
	volume = {25},
	issn = {1420-9101},
	url = {http://dx.doi.org/10.1111/j.1420-9101.2012.02460.x},
	doi = {10.1111/j.1420-9101.2012.02460.x},
	pages = {647--660},
	number = {4},
	journaltitle = {Journal of Evolutionary Biology},
	author = {Sistrom, M. and Edwards, D.L. and Donnellan, S. and Hutchinson, M.},
	date = {2012},
	keywords = {Australia, ecological speciation, gecko, phenotypic plasticity}
}

@article{horne_geographical_1999,
	title = {Geographical parthenogenesis in European non-marine ostracods: post-glacial invasion or Holocene stability?},
	volume = {391},
	shorttitle = {Geographical parthenogenesis in European non-marine ostracods: post-glacial invasion or Holocene stability?},
	pages = {1--7},
	journaltitle = {Hydrobiologia},
	author = {Horne, David J. and Martens, Koen},
	date = {1999}
}

@article{pinto_genus_2004,
	title = {On the genus \textit{Penthesilenula} Rossetti and Martens, 1998 (Crustacea, Ostracoda, Darwinulidae) from (semi-) terrestrial habitats in São Paulo State (Brazil), with the description of a new species},
	volume = {38},
	pages = {2567--2589},
	number = {20},
	journaltitle = {Journal of Natural History},
	author = {Pinto, {RL} and Rocha, {CEF} and Martens, K},
	date = {2004}
}

@article{pinto_two_2003,
	title = {On two new species of the genus \textit{Vestalenula} Rossetti \& Martens, 1998 (Crustacea, Ostracoda, Darwinulidae) from semiterrestrial habitats in São Paulo State (Brazil)},
	volume = {139},
	pages = {305--313},
	number = {2},
	journaltitle = {Zoological Journal of the Linnean Society},
	author = {Pinto, {RL} and Rocha, {CEF} and Martens, K},
	date = {2003}
}

@article{vinyard_ostracod_1979,
	title = {An ostracod (\textit{Cypriodopsis vidua}) can reduce predation from fish by resisting digestion},
	pages = {188--190},
	journaltitle = {American Midland Naturalist},
	author = {Vinyard, Gary},
	date = {1979}
}

@article{kornicker_viability_1971,
	title = {Viability of ostracode eggs egested by fish and effect of digestive fluids on ostracode shells-ecologic and paleoecologic implications},
	volume = {5},
	pages = {125--135},
	journaltitle = {Bulletin Centre Recherche Pau-{SNPA}},
	author = {Kornicker, {LS} and Sohn, {IG}},
	date = {1971}
}

@article{cohen_patterns_1990,
	title = {Patterns of reproduction in ostracodes: a review},
	volume = {10},
	pages = {184--211},
	number = {2},
	journaltitle = {Journal of Crustacean Biology},
	author = {Cohen, Anne C and Morin, James G},
	date = {1990}
}

@incollection{loffler_distribution_1977,
	location = {The Hague},
	title = {The distribution of the “giant” ostracods (family: Cyprididae, Baird 1845) endemic to Australia},
	shorttitle = {The distribution of the “giant” ostracods (family: Cyprididae, Baird 1845) endemic to Australia},
	pages = {285--294},
	booktitle = {Aspects of ecology and zoogeography of recent and fossil ostracods},
	publisher = {Junk},
	author = {De Deckker, Patrick},
	editor = {Löffler, H. and Danielopol, D.},
	date = {1977}
}

@article{green_dispersal_2005,
	title = {Dispersal of invasive and native brine shrimps \textit{Artemia} (Anostraca) via waterbirds},
	volume = {50},
	pages = {737--742},
	number = {2},
	journaltitle = {Limnology and oceanography},
	author = {Green, Andy J and Sánchez, Marta I and Amat, Francisco and Figuerola, Jordi and Hontoria, Francisco and Ruiz, Olga and Hortas, Francisco},
	date = {2005}
}

@article{horne_first_2004,
	title = {First British record of \textit{Potamocypris humilis} (Sars, 1924), a freshwater ostracod with a disjunct distribution in Europe and southern Africa.},
	volume = {43},
	shorttitle = {First British record of Potamocypris humilis (Sars, 1924), a freshwater ostracod with a disjunct distribution in Europe and southern Africa.},
	pages = {297--306},
	journaltitle = {Bollet. Soc. Palaeontol. Italiana},
	author = {Horne, D.J. and Smith, R.J.},
	date = {2004}
}

@article{martens_ostracod_1994,
	title = {Ostracod speciation in ancient lakes: a review},
	volume = {44},
	pages = {203--203},
	journaltitle = {Ergebnisse der Limnologie},
	author = {Martens, K},
	date = {1994}
}

@article{martens_towards_1994,
	title = {Towards a revision of the Cypricercinae (Crustacea, Ostracoda): on the validity of the genera \textit{Neocypris} Sars, 1901 and \textit{Bradleycypris} {McKenzie}, 1982},
	volume = {64},
	journaltitle = {Bulletin-Institut Royal des Sciences Naturelles de Belgique= Mededelingen-Koninklijk Belgisch Instituut voor Natuurwetenschappen},
	author = {Martens, K},
	date = {1994}
}

@article{proctor_viability_1964,
	title = {Viability of crustacean eggs recovered from ducks},
	pages = {656--658},
	journaltitle = {Ecology},
	author = {Proctor, Vernon W},
	date = {1964}
}

@article{vanschoenwinkel_dispersal_2008,
	title = {Dispersal of freshwater invertebrates by large terrestrial mammals: a case study with wild boar (\textit{Sus scrofa}) in Mediterranean wetlands},
	volume = {53},
	shorttitle = {Dispersal of freshwater invertebrates by large terrestrial mammals: a case study with wild boar (Sus scrofa) in Mediterranean wetlands},
	pages = {2264--2273},
	journaltitle = {Freshwater Biology},
	author = {Vanschoenwinkel, Bram and Waterkeyn, A. and Vandecaetsbeek, T. and Pineau, O. and Grillas, P. and Brendonck, L.},
	date = {2008}
}

@article{vanschoenwinkel_passive_2011,
	title = {Passive external transport of freshwater invertebrates by elephant and other mud-wallowing mammals in an African savannah habitat},
	volume = {56},
	issn = {1365-2427},
	url = {http://dx.doi.org/10.1111/j.1365-2427.2011.02600.x},
	doi = {10.1111/j.1365-2427.2011.02600.x},
	shorttitle = {Passive external transport of freshwater invertebrates by elephant and other mud-wallowing mammals in an African savannah habitat},
	pages = {1606--1619},
	number = {8},
	journaltitle = {Freshwater Biology},
	author = {Vanschoenwinkel, Bram and Waterkeyn, Aline and Nhiwatiwa, Tamuka and Pinceel, T. O. M. and Spooren, Elien and Geerts, Aurora and Clegg, Bruce and Brendonck, L. U. C.},
	date = {2011},
	keywords = {aquatic invertebrates, dormant propagules, ecto/epizoochory, passive dispersal}
}

@inproceedings{de_deckker_notes_1995,
	title = {Notes to help identify ostracods from Australian inland waters and a guide to ostracod dissection},
	eventtitle = {Taxonomy Workshop held at the Murray-Darling Freshwater Research Centre, Albury},
	publisher = {Department of Geology The Australian National University, Canberra {ACT}},
	author = {De Deckker, Patrick},
	date = {1995},
	file = {De Deckker (1995):/home/rshearn/.zotero/zotero/gxjenffy.default/zotero/storage/FMVA7RKR/De Deckker (1995).pdf:application/pdf}
}

@article{matzke-karasz_ostracod_2014,
	title = {The ostracod springtail—camera recordings of a previously undescribed high-speed escape jump in the genus \textit{Tanycypris} (Ostracoda, Cypridoidea)},
	volume = {87},
	pages = {1072--1094},
	number = {8},
	journaltitle = {Crustaceana},
	author = {Matzke-Karasz, Renate and Nagler, Christina and Hofmann, Simon},
	date = {2014}
}

@article{mcgregor_copulatory_1969,
	title = {Copulatory adaptations in ostracods part I: Hemipenes of \textit{Candona}},
	volume = {22},
	shorttitle = {Copulatory adaptations in ostracods part I: Hemipenes of Candona},
	pages = {169--191},
	number = {13},
	journaltitle = {Contributions from the Museum of Paleontology},
	author = {{McGregor}, Don and Kesling, Robert V.},
	date = {1969},
	file = {McGregor & Kesling (1969a):/home/rshearn/.zotero/zotero/gxjenffy.default/zotero/storage/W8QFU9UJ/McGregor & Kesling (1969a).pdf:application/pdf}
}

@article{mcgregor_copulatory_1969-1,
	title = {Copulatory adaptations in Ostracods part {II}: Adaptations in living Ostracods},
	volume = {22},
	shorttitle = {Copulatory adaptations in Ostracods part {II}: Adaptations in living Ostracods},
	pages = {221--239},
	number = {17},
	journaltitle = {Contributions from the Museum of Paleontology},
	author = {{McGregor}, Don and Kesling, Robert V.},
	date = {1969},
	file = {McGregor & Kesling (1969b):/home/rshearn/.zotero/zotero/gxjenffy.default/zotero/storage/XT2BRNJI/McGregor & Kesling (1969b).pdf:application/pdf}
}

@article{smith_evaluation_2005,
	title = {Evaluation of a new character for the phylogenetic analysis of Ostracoda (Crustacea): the podocopan maxillular branchial plate},
	volume = {243},
	pages = {139--153},
	number = {3},
	journaltitle = {Zoologischer Anzeiger-A Journal of Comparative Zoology},
	author = {Smith, Robin J and Kamiya, Takahiro and Horne, David J and Tsukagoshi, Akira},
	date = {2005}
}

@incollection{martens_general_1998,
	location = {Leiden},
	title = {General morphology of non-marine ostracods},
	pages = {57--75},
	booktitle = {Sex and Parthenogenesis–evolutionary ecology of reproductive modes in non-marine ostracods.},
	publisher = {Backhuys Publishers},
	author = {Martens, K},
	date = {1998}
}

@article{schulze_leaf_2006,
	title = {Leaf and wood carbon isotope ratios, specific leaf areas and wood growth of \textit{Eucalyptus} species across a rainfall gradient in Australia},
	volume = {26},
	url = {http://treephys.oxfordjournals.org/content/26/4/479.abstract},
	doi = {10.1093/treephys/26.4.479},
	pages = {479--492},
	number = {4},
	journaltitle = {Tree Physiology},
	author = {Schulze, Ernst-Detlef and Turner, Neil C. and Nicolle, Dean and Schumacher, Jens},
	date = {2006}
}

@article{bierzychudek_patterns_1985,
	title = {Patterns in plant parthenogenesis},
	volume = {41},
	pages = {1255--1264},
	number = {10},
	journaltitle = {Experientia},
	author = {Bierzychudek, P},
	date = {1985}
}

@article{law_evolution_2002,
	title = {The evolution of geographic parthenogenesis in \textit{Timema} walking-sticks},
	volume = {11},
	issn = {1365-294X},
	url = {http://dx.doi.org/10.1046/j.1365-294X.2002.01547.x},
	doi = {10.1046/j.1365-294X.2002.01547.x},
	shorttitle = {The evolution of geographic parthenogenesis in Timema walking-sticks},
	pages = {1471--1489},
	number = {8},
	journaltitle = {Molecular Ecology},
	author = {Law, Jennifer H. and Crespi, Bernard J.},
	date = {2002},
	keywords = {nested clade analysis, parthenogenesis, phylogeography, walking-sticks}
}

@article{morgan-richards_geographic_2010,
	title = {Geographic parthenogenesis and the common tea-tree stick insect of New Zealand},
	volume = {19},
	issn = {1365-294X},
	url = {http://dx.doi.org/10.1111/j.1365-294X.2010.04542.x},
	doi = {10.1111/j.1365-294X.2010.04542.x},
	shorttitle = {Geographic parthenogenesis and the common tea-tree stick insect of New Zealand},
	pages = {1227--1238},
	number = {6},
	journaltitle = {Molecular Ecology},
	author = {Morgan-Richards, Mary and Trewick, Steve A. and Stringer, Ian A. N.},
	date = {2010},
	keywords = {asexual reproduction, developmental rate, fertility, geographic parthenogenesis, sexual reproduction}
}

@article{van_den_broecke_ostracod_2012,
	title = {Ostracod valves as efficient {UV} protection},
	volume = {71},
	pages = {12},
	number = {1},
	journaltitle = {Journal of Limnology},
	author = {Van Den Broecke, Lynn and Martens, Koen and Pieri, Valentina and Schön, Isa},
	date = {2012}
}

@article{smith_organ_2008,
	title = {The organ on the first segment of the cypridoidean (Ostracoda, Crustacea) antennule: morphology and phylogenetic significance},
	volume = {88},
	pages = {127--140},
	number = {1},
	journaltitle = {Senckenbergiana lethaea},
	author = {Smith, Robin J and Matzke-Karasz, Renate},
	date = {2008}
}

@article{altschul_basic_1990,
	title = {Basic local alignment search tool},
	volume = {215},
	doi = {10.1006/jmbi.1990.9999},
	shorttitle = {Basic local alignment search tool},
	pages = {403--410},
	journaltitle = {Journal of Molecular Biology},
	author = {Altschul, S.F. and Gish, W. and Miller, W. and Myers, E.W. and Lipman, D.J.},
	date = {1990}
}

@article{finston_geographic_2002,
	title = {Geographic patterns of population genetic structure in Mytilocypris (Ostracoda: Cyprididae): interpreting breeding systems, gene flow and history in species with differing distributions},
	volume = {11},
	shorttitle = {Geographic patterns of population genetic structure in Mytilocypris (Ostracoda: Cyprididae): interpreting breeding systems, gene flow and history in species with differing distributions},
	pages = {1931--1946},
	number = {11},
	journaltitle = {Molecular Ecology},
	author = {Finston, T. L.},
	date = {2002}
}

@article{kulkoyluoglu_distribution_2012,
	title = {Distribution of sexual and asexual Ostracoda (Crustacea) from different altitudinal ranges in the Ordu region of Turkey: testing the rapoport rule},
	volume = {13},
	pages = {126--137},
	number = {2},
	journaltitle = {High altitude medicine \& biology},
	author = {Külköylüoğlu, Okan and Sari, Necmettin and Akdemir, Derya and Yavuzatmaca, Mehmet and Altinbağ, Ceren},
	date = {2012}
}

@article{namiotko_sex_2008,
	title = {Sex ratio of sub-fossil Ostracoda (Crustacea) from deep lake habitats in northern Poland},
	volume = {264},
	pages = {330--337},
	number = {3},
	journaltitle = {Palaeogeography, Palaeoclimatology, Palaeoecology},
	author = {Namiotko, Tadeusz and Martins, Maria João Fernandes},
	date = {2008}
}